2926 4934
156 437 160 442 ,
268 353 301 430 n
342 351 375 450 J.
406 335 647 424 autumo
681 335 1016 424 conrnxnn

167 561 188 605 ,,
215 533 286 602 tat,
312 503 522 609 propriaque
538 503 612 602 ejus
626 501 777 594 Saeculi,
802 501 836 578 in
853 527 922 600 quo
936 494 1119 603 sc'ribebatt

168 661 189 700 ‚,
218 614 263 688 ita
277 611 312 683 iu
328 603 619 702 strategematicis
637 602 760 677 crebro
772 603 957 680 tdmodtun
973 629 1014 682 ea
1028 609 1121 708 lege·
1194 643 1198 674 r

170 759 191 800 „
217 725 255 784 re
272 707 345 796 est,
370 725 457 801 quae
468 701 636 800 gravitate
653 699 692 776 ἃ
708 699 822 773 nitore
837 719 971 778 certare
984 728 1064 780 cum
1078 707 1117 782 ila

170 857 191 898 „
220 809 259 882 lio
283 803 427 902 posint,
452 821 538 898 quae
562 798 687 895 scripta
710 795 846 892 optimo
866 821 956 876 roro
971 801 1118 880 latinita·
1216 801 1219 808 ‘
1266 881 1268 890 J

83 935 86 940 ·
171 955 193 996 ,‚
211 906 264 980 tir
277 903 319 978 ad
334 923 398 976 nos
410 915 663 996 pervenerunt.
704 895 793 973 Nou
815 895 1114 995 dissimulaverim,

171 1049 192 1093 n
223 1000 333 1080 uideri
349 1000 424 1096 plut
439 995 612 1094 aliquanto
626 981 901 1070 elsediscriminir
913 994 1003 1073 inter
1016 1023 1115 1096 prae·

168 1149 190 1191 „
219 1100 373 1174 sationes
382 1094 556 1190 utrimque
572 1089 711 1188 operia3
725 1113 805 1166 cunr
887 1098 1115 1195 epraefigun·
1161 1137 1164 1144 ·

166 1246 188 1288 „
216 1217 272 1274 tur
291 1191 569 1292 strategematu,
595 1211 666 1264 nun
691 1189 800 1264 sulum
836 1191 945 1268 aeculi
962 1193 1084 1272 vitium
1095 1247 1112 1288 ,

163 1343 185 1386 r.
214 1282 561 1382 sedetiamsrfnest
570 1284 1108 1390 dicere,levitate'mqualiquan·

161 1447 182 1486 „
209 1396 286 1469 dam
306 1387 486 1465 scribentis
502 1383 697 1462 ostendant.
747 1383 798 1458 At
819 1385 879 1483 qui
892 1386 1050 1466 inducam
1070 1391 1108 1469 iu

158 1539 178 1584 ‚,
205 1493 359 1568 animum
376 1484 537 1575 medere,
563 1503 634 1558 non
648 1481 795 1557 eundem'
809 1482 876 1558 else
892 1485 1110 1586 Frontinum,

157 1640 177 1682 „
204 1595 251 1668 ob
270 1611 342 1664 non
368 1586 534 1661 servaram
551 1580 679 1678 ubique
693 1578 903 1676 diligentiam
932 1583 970 1662 ur
992 1608 1109 1664 curam

158 1739 178 1780 ,‚
205 1689 350 1763 eandem
371 1679 578 1782 praefandi?
593 1777 596 1784 Ι
612 1695 691 1754 cum
714 1678 908 1776 praesertim
930 1683 1108 1782 stratege-

158 1838 179 1879 „
205 1806 300 1862 mata
316 1783 401 1856 colle
425 1780 573 1854 autnon
587 1775 786 1852 necestitate
802 1776 932 1870 officii,
956 1799 1015 1856 aut
1029 1806 1109 1860 cau·

160 1931 182 1973 „
209 1886 269 1972 sa,
292 1901 379 1977 quae
393 1805 504 1950 dnum
517 1873 705 1952 necessitati
727 1873 831 1966 esset,
855 1875 913 1949 sed
931 1897 970 1952 ut
993 1903 1108 1956 atnam

163 2027 184 2070 ,,
212 1975 406 2054 militarium
425 1995 538 2047 rerum
556 1972 666 2048 animo
683 1971 932 2047 obsecundaret
946 1972 1025 2068 suo,
1050 1979 1105 2054 id·
1207 2025 1210 2032 .

164 2133 186 2168 ,‚
213 2097 282 2176 que
298 2097 376 2150 cum
389 2069 508 2168 junior
516 2067 596 2145 elset
610 2072 705 2167 (nam
725 2069 759 2144 in
771 2070 943 2146 Britannia
957 2073 1105 2170 primum

159 2223 181 2266 ,‚
208 2167 388 2282 militavit)
427 2185 546 2244 contra
573 2191 660 2243 vero
686 2165 901 2246 cusationem
927 2171 1106 2268 liquorum

156 2325 178 2365 ,‚
204 2273 390 2366 susceperit
409 2269 482 2368 jam
507 2265 719 2356 Consularis3
743 2291 845 2366 quam
870 2267 1029 2346 uNerva
1046 2271 1105 2346 de«

155 2425 177 2462 ,
201 2370 393 2448 mandatam
405 2364 543 2465 putavit
558 2364 620 2439 srbi
628 2364 759 2464 gloriae
774 2365 865 2458 else,
890 2367 1039 2466 quippe,
1065 2389 1105 2447 ut

155 2521 176 2560 ,‚
202 2469 276 2569 ipse
292 2467 362 2558 ait,
385 2462 609 2541 administrari
631 2465 766 2560 sempen
789 2463 968 2540 solitama·
1015 2465 1102 2544 incl·

155 2617 176 2658 ‚‚
192 2569 305 2669 'pibus
316 2561 477 2639 Civitatis
492 2559 609 2652 Viris;
637 2579 694 2654 ut,
718 2560 797 2660 quia
807 2563 959 2659 magnitu
982 2587 1027 2656 o,
1049 2585 1104 2642 at-

153 2717 175 2755 „
204 2687 272 2766 que
306 2661 496 2761 amplitudo
515 2659 666 2735 muneris
687 2658 906 2758 praecipuam
932 2662 1105 2741 solertiam

154 2815 175 2854 „
202 2761 411 2864 pullulabat,
437 2757 586 2834 uoluerit
595 2758 794 2854 imperatori
803 2781 878 2834 eam
896 2757 1011 2835 testari
1022 2760 1104 2836 scri

153 2917 175 2952 „
200 2881 264 2961 pto
275 2859 391 2952 edun,
415 2881 489 2958 quo
501 2856 767 2932 callenriffirnum
782 2856 817 2931 se
826 2855 1024 2932 ostenderet
1039 2881 1102 2934 eo·

154 3013 176 3052 ,
203 2983 277 3036 rum
299 2957 476 3046 omnium',
499 2974 586 3052 quae
605 2954 649 3028 ad
675 2954 917 3053 Aquueduilut
947 2954 1102 3050 pertine·

153 3107 176 3149 „
203 3077 291 3134 rent.
341 3057 395 3130 Eo
407 3054 532 3151 opinor
544 3053 578 3128 in
592 3051 780 3152 praefando
790 3052 890 3130 etiam
903 3051 1099 3150 graviorem

151 3213 173 3247 ,‚
203 3155 327 3247 loiffen,
351 3151 631 3250 limatioremque.
683 3151 785 3228 Haec
798 3151 917 3242 lrabui,
942 3151 1012 3228 Vir
1026 3151 1099 3229 exi·

150 3309 173 3346 „
201 3253 291 3344 mie,
316 3247 476 3350 quaetibi
491 3249 724 3344 interroganti
745 3249 1005 3346 responderem·
1021 3251 1097 3344 Tu,

155 3405 174 3442 ,,
201 3377 268 3454 qua
289 3349 444 3426 dodirina
467 3368 525 3438 er,
551 3349 747 3442 expendes,
772 3347 988 3448 censebitque
1004 3349 1101 3446 judi·

151 3497 173 3540 „
199 3453 255 3527 cio
272 3471 349 3524 tuo.
400 3447 500 3523 Vale.

201 3643 334 3722 Patavii
357 3665 392 3719 v.
417 3641 517 3716 Non.
543 3641 684 3747 Quinti.
707 3663 929 3722 crornccxnr.

192 3841 297 3922 Vlll.
319 3841 420 3918 Ptua
432 3855 548 3915 tamen
573 3859 680 3935 opera
709 3829 875 3936 scripfiffe
894 3835 1099 3918 Frontinum

1035 3959 1098 4012 no⁴
1125 3961 1128 3970 ¹
