2884 4954
163 326 217 426 't
289 323 857 424 ru·Funuutuum
976 333 1058 442 sm!

95 475 198 581 praelia
212 494 374 637 αέῌοῐιιιι,
397 493 436 570 &⁰
454 495 549 556 deiude
562 515 611 570 ea,
633 515 699 576 quae
716 495 942 577 postmultum]
981 501 1041 564 Co·
1149 505 1152 510 ’

99 582 150 650 dex
164 581 218 640 Me
241 581 335 648 ictus,
357 595 421 652 quae
434 578 564 652 praelium
578 580 708 637 excitant.
749 579 941 660 Quisquamne
953 577 1033 642 dubi·

98 675 153 730 tet,
172 674 284 718 manum
304 655 432 716 Frontini
452 655 521 724 eise,
541 673 608 730 puae
633 656 764 732 praelium
784 659 946 726 excipiant?
967 662 985 718 i.
1007 677 1034 720 e.

99 741 255 816 sequuntur.
311 737 439 798 Verbum
456 734 632 808 erquifitiua,
656 754 738 812 quam
764 752 817 809 pro
839 736 1039 811 descriptorum

99 813 335 958 {apemstgiuliam
358 815 474 890 margini
485 815 605 890 primunr
621 813 760 889 adjeitae,
781 813 958 874 lococcdere
973 832 1039 878 coa·
1120 831 1121 840 ¹

125 910 201 954 utne
227 935 234 950 .

122 973 207 1044 ,C.1.
226 969 306 1045 §.13⁸
327 965 505 1048 Jugurtlraut
515 965 715 1045 autemaoustot
731 971 798 1051 dra]
839 969 939 1031 Omitti
953 991 968 1032 a
980 975 1042 1048 qui·

102 1050 214 1110 busdam
231 1045 313 1112 codd.
333 1047 495 1122 particulam
507 1059 612 1120 autem,
638 1063 718 1112 notat
730 1051 903 1118 Tumulus,
924 1066 1043 1128 euinque

105 1129 196 1188 locum
214 1129 260 1187 hic
284 1141 341 1184 non
362 1125 483 1196 habere,
505 1128 580 1188 reite
598 1127 737 1188 observat.
775 1127 905 1188 Oudend.
926 1131 1043 1202 conjicit

103 1225 199 1284 regere.
241 1207 346 1264 Verum
367 1201 565 1266 restituendum
585 1208 665 1274 itera,
689 1203 766 1282 quod
786 1207 813 1266 dt
836 1207 913 1282 supra
936 1207 1043 1271 Nolito

107 1284 302 1344 redonavimus
315 1281 350 1340 L.
360 1282 384 1342 1.
406 1299 432 1340 c.
448 1299 473 1341 r.
495 1281 520 1356 ς.
537 1299 565 1354 7.
602 1284 680 1346 idem
694 1289 767 1344 enim
780 1285 863 1361 plane
878 1285 1042 1362 stratagema

103 1363 227 1502 adhsirbugt
249 1359 404 1438 Jugurthm
434 1361 512 1437 quod
535 1361 733 1440 Pompeiani.
754 1363 940 1425 antecedente
965 1363 1044 1424 adini.

100 1444 185 1504 buie
218 1442 308 1506 icitur.
1044 1495 1052 1512 ,

138 1521 171 1578 C.
184 1537 211 1579 2.
231 1519 255 1593 p.
268 1523 294 1582 8.
331 1513 371 1573 Ut
387 1527 437 1588 per
452 1515 616 1592 aliquantum
625 1517 726 1596 spatii,
750 1537 799 1596 quo
813 1518 964 1588 aduersarii
976 1520 1048 1580 diri·

101 1601 253 1668 metuitur,
274 1597 414 1656 exercitus
426 1591 540 1670 hostium
553 1600 643 1670 potius
660 1600 745 1658 labora
761 1600 872 1656 itineris
884 1596 1046 1678 profligare·

99 1677 169 1756 tur.]
209 1675 300 1738 Senfit
314 1672 530 1742 difficultatem,
551 1693 636 1750 quam
659 1691 733 1736 creat
748 1680 867 1736 orationi
887 1682 991 1750 potius,
1014 1696 1062 1736 o·-

99 1759 203 1835 ptimus
222 1751 355 1812 Oudettd.
399 1753 520 1828 intelligi
547 1755 627 1824 posse
651 1753 700 1814 sub
722 1771 758 1814 eo
779 1770 856 1828 putat
882 1773 957 1830 quau
973 1755 1045 1836 suus

100 1835 253 1902 atterritus,
276 1832 327 1894 nist
349 1833 501 1895 rescribere
538 1832 627 1892 laceat
644 1834 733 1905 prius.
772 1834 874 1894 Malim
898 1851 952 1910 ego
963 1839 1047 1907 prati-

101 1931 164 1973 uus.
200 1909 307 1972 Noster
322 1911 495 1984 L.1.,c.11.
516 1849 541 1982 ἕ
550 1928 578 1982 4.
599 1913 722 1984 protinus
736 1928 814 1968 turres
838 1941 910 1964 -ι-
932 1909 1052 1989 odgrcffl

95 1991 173 2072 suut.
200 1991 282 2050 L.Il.
306 2009 334 2051 c.
349 2009 373 2049 1.
392 1986 457 2062 §.u
479 1989 580 2048 triente
590 1992 714 2062 protinus
729 1987 782 2047 die.
802 1991 882 2066 stc.
905 1991 945 2046 ito
962 1995 1048 2063 proti·
1174 2056 1177 2068 Ι

101 2064 310 2152 uurdiffipcotr.
331 2069 364 2128 C.
376 2083 402 2140 5.
421 2067 446 2143 s.
456 2085 483 2142 4.
502 2069 675 2146 protinusque
687 2069 722 2148 se
736 2069 810 2127 iutra
828 2071 993 2129 munimenta
1009 2088 1053 2130 re·

100 2153 127 2211 ci
144 2158 226 2206 erent.
887 2147 888 2159 ¹
1120 2180 1123 2186 ·

125 2161 210 2287 plbid.
233 2223 271 2282 Ut
284 2219 393 2302 aduersa
401 2221 459 2302 sole
477 2222 516 2296 δ’
532 2235 612 2286 uento
637 2223 674 2296 ἐξ
686 2226 800 2300 puluere
817 2227 986 2286 barbatorum
1000 2245 1053 2285 ιιι.

100 2314 243 2380 reparetur
257 2303 418 2380 exercitat]
456 2305 565 2366 Dubito
581 2305 680 2378 valde,
700 2322 734 2364 an
746 2315 919 2379 occuparetur
931 2307 978 2364 hic
997 2321 1055 2364 nos

103 2399 161 2448 tare
183 2381 264 2458 potiit
283 2381 474 2454 impediretur,
496 2382 639 2460 quomodo
668 2386 793 2458 occupari
817 2384 906 2452 luite,
928 2387 1045 2456 timore,

93 2461 302 2544 sollicitudine,
322 2459 457 2524 dicimur:
478 2467 523 2522 cui
535 2465 716 2542 explicationi
733 2463 790 2540 ipse
810 2461 912 2522 diffidit
929 2463 1052 2524 Oudea·

30 2600 34 2610 ,
103 2542 182 2617 dorp.
223 2543 401 2611 Gronovius,
425 2545 542 2602 verbum
560 2543 879 2620 corruptumreiiiffime
899 2541 1047 2614 judicant,
1133 2595 1136 2598 .

103 2619 139 2690 ad
154 2620 303 2698 marginem
320 2619 384 2680 iibri
404 2621 443 2681 sui
458 2619 599 2700 adscripfit
612 2623 806 2692 collocaretur,
826 2622 873 2680 vei
895 2618 1052 2690 locaretur,

100 2699 225 2776 vestigiis
249 2699 377 2774 vulgatae
407 2698 534 2758 ltiiionis
557 2695 648 2760 minus
670 2699 798 2767 servatis,
827 2701 927 2774 quibus
953 2697 1053 2760 insistit
1086 2728 1089 2736 ·

101 2777 217 2858 pteffius
234 2775 349 2850 suspicio
364 2773 456 2834 nostra
470 2789 664 2836 occurreretur.

138 2869 164 2946 §-
178 2886 222 2938 14.
245 2865 310 2949 Qua
334 2867 436 2927 ratione
460 2866 577 2946 fferre,
598 2877 629 2923 ut
647 2867 786 2926 exercitus
808 2865 974 2924 barbararum
993 2866 1053 2939 prl-

101 2967 173 3024 mum
197 2939 409 3024 inquietaretur,
431 2946 494 3008 dum
514 2954 569 3004 totu
585 2944 658 3004 uode
673 2939 835 3019 iu'Jlutiuue
861 2941 980 3020 custodio
995 2941 1050 3014 ell3

102 3027 199 3090 deiude
224 3037 255 3086 ut
267 3024 318 3104 sui
331 3042 424 3097 moue,
444 3027 564 3104 integris
583 3025 709 3092 uiribus,
729 3038 789 3078 cum
811 3019 893 3080 liuta
916 3024 1051 3092 tartaris,

102 3111 211 3188 uigilia
223 3108 419 3176 marcentibus,
439 3104 643 3184 confligerent]
683 3105 748 3161 uox
766 3099 848 3159 aliun
864 3103 970 3166 uberta
990 3102 1052 3178 plu·

103 3192 181 3253 ribus
194 3187 379 3256 membranis,
400 3203 521 3263 eamque
536 3198 566 3244 ut
584 3181 779 3260 superuacuam
793 3181 876 3253 plane
892 3180 985 3242 trrallet
1004 3177 1056 3237 de·

104 3268 157 3340 leri
178 3263 312 3327 Oudeud.
352 3267 454 3332 Mitior
481 3263 620 3328 medicina
644 3259 737 3326 nostra
758 3255 881 3336 drfffa,
900 3258 978 3338 quod
1002 3273 1053 3336 pet

104 3346 255 3420 scripturae
269 3345 434 3416 compendia
449 3344 581 3405 facillime
595 3340 738 3418 depravari
753 3345 852 3412 potuit.

112 3439 116 3450 ·
146 3425 179 3483 C.
189 3439 215 3494 3.
237 3428 298 3503 ᾗς.
327 3423 374 3483 Ne
389 3445 420 3489 ea
432 3435 505 3500 parte
522 3433 583 3482 aute
604 3438 664 3480 cum
687 3415 758 3490 lrojle
782 3419 958 3496 confligeret,
978 3432 1054 3490 quam

104 3503 233 3564 carnibus
255 3503 413 3582 confligatis
421 3505 524 3567 aredius
534 3503 651 3577 uultque
664 3497 908 3577 circumvenisset]
942 3496 1059 3586 Tmnu·
1136 3505 1137 3508 ’

103 3581 140 3648 lii
160 3581 374 3656 explicationem
400 3588 479 3646 totis
498 3583 624 3644 insolitae
644 3572 800 3652 confligatis
818 3583 881 3650 jure
901 3572 1059 3647 repudiavit
1170 3589 1172 3594 ·
1247 3640 1251 3649 Δ

110 3659 343 3738 Oudendorpius.
385 3664 504 3724 Modiur
517 3664 542 3722 dt
556 3657 881 3726 Gronoviusconiicinnt
893 3650 1058 3728 profligatis·

108 3737 140 3798 dt
166 3735 203 3798 fic
225 3737 291 3800 sane
307 3739 376 3802 eod.
399 3741 553 3808 Patrensis,
588 3738 731 3807 scaligero
758 3735 862 3811 placuit
884 3729 1061 3804 complicatis.

105 3815 502 3900 Dudendurpiucaujugatis,
522 3811 730 3953 rdernflrigati
739 3813 799 3890 Jut.
839 3813 951 3889 Miror,
974 3807 1063 3896 merarij

707 3907 763 3948 rra
1033 3899 1066 3946 nt
