2926 4934
230 337 267 418 n
296 337 331 440 J.
359 327 606 456 ronruo
636 327 976 460 cournxrn

130 516 153 596 '„
179 498 307 580 ibidem
406 511 476 586 ott,
499 490 726 570 faciteeffent
746 491 902 580 intanto
925 493 965 574 ὅτ
985 497 1077 576 Scri.

131 657 154 692 „
179 619 303 702 prote,
359 589 714 691 'Opereexcusandu
767 593 1078 678 Deeurenuitum

133 754 155 789 ,
182 715 280 775 certe
297 695 441 772 verbum
458 691 547 789 apud
567 689 738 782 Dionem,
760 691 939 787 multoque
963 694 1078 770 minut
1148 757 1151 764 .

133 851 155 886 ,‚
181 795 276 896 quod
293 793 347 868 ilie
361 789 543 865 Frontonis
565 787 764 863 Consulatus
779 811 822 862 tx
838 789 1006 888 Kai'Jut.
1025 793 1078 870 in.

132 947 158 983 ‚
185 890 316 989 ceperit
327 889 419 987 eJ‘ut,
435 886 478 962 de
492 885 674 983 quomodo
687 885 813 961 ditium
824 888 895 981 est,
907 889 1005 966 anni:
1020 889 1088 987 qut·

134 1045 158 1080 ,‚
186 989 322 1102 quidem
337 987 409 1062 dier
429 985 539 1062 illuxit
556 983 782 1081 praeterlapso
797 985 866 1082 jam
892 987 1080 1062 mediodoa
1141 1061 1142 1066 Ν
1240 1035 1244 1046 ·

135 1124 167 1188 ἢ
185 1085 376 1163 minationis
396 1085 544 1160 Nervae
564 1101 743 1180 ternpore;
774 1103 843 1156 non
867 1083 957 1156 intur
979 1086 1089 1182 nujm·

134 1241 157 1277 „
185 1185 301 1279 initiu3
320 1183 412 1259 inter
432 1203 520 1278 quae
541 1179 664 1270 initia,
689 1177 792 1252 video
818 1181 1086 1270 'l'iiienronttum'

133 1339 155 1373 „
181 1306 317 1384 quoque
340 1280 452 1380 ipsum
479 1277 686 1378 agnoscere,
722 1277 930 1358 Frontonem
958 1279 1079 1361 consu*

132 1435 152 1474 „
179 1390 244 1461 lem
265 1379 419 1456 aDione
441 1375 640 1454 memoran·
687 1375 856 1482 Quorsum
882 1379 998 1454 naec?
1027 1375 1080 1450 ina

134 1535 154 1576 ‚
179 1480 289 1582 quiet.
337 1477 507 1552 Nondum
526 1497 572 1548 eo
597 1472 697 1564 dico,
722 1473 813 1574 quoti
841 1475 943 1557 velim
1002 1478 1081 1555 Otr·

134 1631 156 1667 ,
182 1577 310 1656 roton
334 1577 529 1669 cuturn,
556 1570 704 1668 alioqui,
727 1592 765 1645 ut
787 1571 915 1650 uum
929 1525 1001 1665 eit,
1027 1572 1081 1649 vt-

135 1729 157 1765 „
181 1677 410 1765 domimum,
437 1675 474 1748 in
499 1693 545 1745 eo
567 1692 686 1744 verum
707 1667 776 1744 effe
789 1720 807 1763 ,
839 1671 933 1772 quod
958 1671 1089 1752 Donni

139 1827 160 1861 „
187 1775 319 1850 tianum
341 1770 493 1847 occisum
515 1768 620 1854 tradit
645 1769 823 1842 Frontone
847 1769 985 1846 consule
1010 1771 1079 1860 fic,

104 1862 111 1874 “
142 1923 164 1957 „
189 1889 231 1946 ut
246 1869 303 1942 hie
325 1869 533 1946 consulatun
549 1865 609 1942 sub
624 1866 749 1940 Nerva
765 1866 902 2032 §uidem
924 1868 1080 1966 potuerit

145 2019 167 2054 „
192 1987 341 2066 gerere3
362 1987 433 2038 non
455 1983 566 2039 tamen
588 1987 607 2040 t
631 1964 753 2039 Nerva
788 1977 889 2036 otum.
942 1965 1009 2040 Sed
1036 1985 1081 2036 eo

145 2116 168 2151 „
196 2064 299 2155 dico,
328 2080 365 2138 ut
384 2061 464 2140 iilud
481 2079 575 2148 certe
595 2063 739 2137 alterum
766 2059 872 2134 intelli
899 2081 997 2148 atur:
1022 2060 1081 2172 qui

142 2214 165 2250 „
191 2161 285 2236 inter
304 2158 399 2234 initia
423 2157 613 2236 dominatus
637 2159 782 2236 Nervae
806 2085 924 2238 corint
947 2159 1080 2252 fuerit,

139 2312 161 2350 „
186 2259 231 2334 de
256 2257 315 2332 ilio
336 2256 533 2362 accipienda
556 2259 665 2335 minus
680 2256 811 2345 videri,
837 2279 927 2356 quae
946 2257 990 2332 de
1013 2253 1082 2355 eof,

137 2411 159 2446 ‚‚
187 2357 233 2432 de
247 2380 315 2453 quo
327 2356 538 2452 quaerimur,
563 2353 706 2470 Trrtjani
722 2356 866 2455 Collega·
881 2356 1006 2434 Plinius
1022 2381 1080 2456 pa·

137 2509 159 2543 „
183 2455 269 2531 riter
286 2453 322 2530 in
344 2456 469 2550 paneg.
487 2451 672 2530 indicavit:
686 2452 736 2528 ita
752 2473 850 2552 nuper
868 2453 1080 2530 consulatum

139 2607 160 2642 „
188 2577 209 2628 a
225 2553 346 2629 Nerva
353 2551 468 2626 datum
481 2551 632 2650 gesnffe,
649 2551 905 2626 utodbucorqu
913 2555 1009 2650 paulo
1020 2575 1080 2630 on·

138 2703 161 2746 ,
189 2668 221 2724 te
236 2647 353 2748 dimtffi
352 2647 471 2748 foster
479 2651 663 2724 oberrarent
677 2645 747 2736 &u
758 2651 905 2748 itemque
919 2654 990 2726 ilia:
1016 2673 1080 2723 mo·

139 2803 160 2837 ,,
189 2755 228 2824 do
247 2763 451 2846 praetextam
467 2763 621 2840 eruerat,
644 2749 731 2821 modo
746 2750 867 2821 littores
882 2752 973 2822 abire
981 2745 1080 2844 juffe-

138 2901 160 2934 „
184 2861 264 2942 rat,
279 2847 365 2923 modo
376 2848 686 2942 gratulantaesamict
696 2845 902 2942 rtcffrattt:
917 2851 977 2944 qui
988 2869 1081 2918 enim

139 2997 160 3031 ,‚
188 2945 348 3020 convenit
364 2945 451 3023 modo
462 2996 477 3038 ,
502 2943 766 3044 turparunt,
794 2944 820 3018 st
848 2943 1081 3018 interceiierat

138 3096 161 3134 „
187 3045 285 3142 plane
302 3041 512 3124 triennium?

187 3141 318 3218 XXIX.
359 3195 379 3229 ‚,
406 3143 453 3218 lit
480 3129 645 3218 rationem
668 3139 804 3237 quidem
832 3140 975 3238 primam
1000 3136 1079 3223 sotir
1194 3197 1202 3207 .

138 3291 160 3326 ,
186 3239 389 3316 excuffimus
408 3237 550 3336 petitam
567 3262 611 3314 ex
629 3240 826 3314 testimonio
852 3240 995 3330 Dionis,
1022 3241 1078 3314 vei

139 3389 160 3424 „
186 3335 304 3435 potius
324 3336 390 3434 (ut
407 3359 527 3415 verum
546 3337 749 3437 loquamur)
774 3337 912 3436 Joannis
934 3335 1086 3436 Xiphiii··

139 3487 162 3522 ,.
186 3436 249 3526 ni,
288 3435 348 3536 qui
378 3433 509 3511 saecuto
533 3435 594 3510 xt.
631 3437 665 3518 in
700 3435 873 3531 epitomen
907 3435 1081 3512 contraxit

139 3584 160 3620 „
186 3534 349 3611 Dionem.
399 3533 505 3608 Nunc
525 3536 663 3608 aiterum
687 3533 870 3610 videamus.
922 3539 1076 3617 Fronto,

136 3682 161 3716 ‚,
187 3628 319 3730 inquit,
345 3647 416 3705 erat
433 3630 549 3728 Consul
558 3629 609 3704 H.
665 3633 844 3706 Hoevero
859 3651 918 3705 aut
938 3631 1080 3702 demon·

134 3779 159 3814 „
189 3725 375 3818 strandum,
402 3751 460 3804 aut
482 3753 552 3804 non
573 3727 810 3828 attingendum
828 3727 971 3806 omnino
997 3723 1074 3796 fue·

127 3851 152 3914 ,·
181 3848 243 3906 rat.
300 3826 480 3932 Quantum
506 3827 598 3908 enim
617 3849 661 3908 ex
676 3825 809 3928 saepius
822 3826 957 3902 laudato
972 3825 1077 3896 Pane·

969 3939 1079 4025 rtr-
