2926 4934
589 381 1065 463 PRAEFATIO.

363 554 502 630 solarem
523 545 635 622 virum
654 543 799 644 appellat
817 542 975 618 Aelianus
997 541 1054 617 lib.
1078 541 1122 616 de
1136 539 1305 618 instruent

367 653 410 726 da
424 648 518 738 acie,
538 643 680 742 praefat.
692 643 734 717 ad
753 642 863 717 Hadr.
877 641 969 716 Caes.
983 637 1022 715 δι
1036 665 1067 715 c.
1084 664 1115 715 1.
1130 640 1166 714 in
1179 640 1302 712 consu·
1339 647 1341 652 ’

368 751 437 826 lum
459 764 572 818 tamen
592 741 676 818 serie
698 741 786 814 nulla
807 740 880 835 ejus
899 738 1052 828 mentio,
1076 754 1117 811 ut
1133 737 1231 812 luille
1249 735 1304 810 vi·

368 847 487 921 deatur
507 864 551 916 ex
567 837 755 917 consulibus
771 839 806 912 in
825 837 993 912 demortui
1009 838 1119 910 locum
1140 835 1302 920 suffeClis.

369 940 412 1019 In
435 937 548 1040 pretio
578 955 650 1010 erat
682 935 891 1032 temporibus
916 935 1059 1008 Nervae
1088 957 1128 1007 ac
1154 936 1189 1007 T
1192 931 1304 1030 rajani.

366 1041 476 1114 Unde'
495 1036 653 1110 Aelianus
682 1034 715 1107 in
741 1032 918 1128 prooemio
947 1031 1021 1106 libri
1047 1029 1090 1104 de
1116 1029 1308 1104 instruenda

367 1137 468 1226 acie,
502 1155 603 1230 quem
626 1128 802 1205 Hadriano
826 1127 974 1219 dicavit,
1003 1129 1070 1220 ait,
1105 1129 1306 1202 Frontinum

369 1234 461 1309 idem
478 1246 712 1327 argumentum
726 1227 896 1317 tr‘ailall'e‚
914 1245 1017 1323 atque
1035 1249 1116 1308 eum,
1128 1226 1205 1300 suae
1218 1245 1306 1298 aera·

369 1330 416 1406 tis
438 1325 638 1424 scriptorem
657 1342 772 1400 vocat.
810 1324 1016 1416 Frontinum,
1037 1320 1168 1436 inquit,
1185 1321 1308 1420 nostrat

370 1429 491 1502 artatis
510 1427 614 1498 tirum
638 1421 842 1519 consularem.
895 1423 963 1498 Sed
984 1443 1153 1520 apertius,
1176 1420 1308 1509 idest,

369 1549 415 1601 ex
425 1525 499 1618 ipso
508 1519 687 1597 Frontino.
720 1523 814 1596 Nam
824 1523 967 1596 Nervae
983 1519 1119 1618 sejullu
1131 1520 1174 1593 de
1190 1539 1309 1616 aquae·

297 1661 300 1684 ε
370 1619 527 1698 ἀυᾶὶὶὸυε
547 1641 669 1715 agere,
694 1619 730 1694 in
750 1617 965 1717 praefatione
981 1617 1083 1692 libelli
1103 1619 1147 1690 de
1165 1616 1224 1707 iis,
1250 1639 1308 1688 au·

371 1741 427 1796 tor
444 1716 505 1794 est.
551 1715 647 1792 ldem
670 1713 706 1792 in
724 1717 873 1814 prologo
896 1715 973 1791 libri
989 1717 1033 1790 de
1050 1738 1209 1814 agrorum
1228 1735 1308 1811 qua·

368 1819 468 1893 litate
492 1812 532 1890 ἃ
553 1813 795 1892 controversiis
816 1814 983 1907 limitum,
1003 1837 1074 1888 non
1092 1813 1192 1888 aliurn
1208 1833 1309 1910 quam

318 1987 322 1992 .
370 1917 410 1990 T
409 1913 560 2010 rejanum
575 1911 747 2008 designat,
776 1936 853 1988 cum
866 1913 1015 2012 loquitur
1030 1912 1073 1984 de
1088 1915 1226 1986 maximo
1241 1910 1310 1982 lm·

360 2027 542 2114 peratore,
563 2014 618 2106 qui
630 2014 792 2086 villariam
806 2009 967 2086 Dacicum
975 2013 1121 2108 proxime
1136 2006 1312 2106 teseroffet.

364 2113 525 2206 Trojano
542 2127 655 2184 autem
675 2109 835 2184 dileilum
854 2108 984 2198 soille,
1008 2109 1095 2181 clare
1112 2107 1222 2202 arguit
1243 2110 1312 2184 Ve-

371 2208 483 2306 getius
498 2204 555 2279 lib.
575 2225 632 2280 11.
659 2230 689 2280 c.
707 2227 739 2300 3.
765 2205 817 2277 hir
831 2203 956 2279 verbis.
1009 2207 1095 2278 Nam
1110 2209 1205 2280 unius
1219 2220 1310 2278 aeto·

368 2301 528 2398 tissunt,
550 2324 628 2394 quat
636 2299 887 2397 fortittrfiunt:
907 2327 986 2396 quae
1007 2326 1078 2378 tero
1088 2322 1146 2397 pto
1168 2305 1310 2376 utilitate

369 2401 469 2497 Relp.
486 2399 677 2495 scribuntur
699 2415 830 2473 aeterna
843 2399 947 2495 sunt:
970 2401 1060 2476 idem
1071 2399 1226 2497 fecerunt
1252 2404 1313 2474 alii

365 2497 566 2595 Διοιιιρίιινσς,
576 2495 639 2595 sed
650 2501 818 2596 praecipue
832 2499 1006 2573 Frontinus
1017 2501 1105 2576 Divo
1122 2501 1262 2598 Trojano
1272 2503 1310 2574 ol

367 2597 525 2696 rjusmotli
539 2600 757 2692 comprobatus
772 2595 970 2696 industriam.
996 2600 1066 2674 Ubi
1088 2600 1193 2700 signat
1210 2599 1312 2674 libros

368 2693 528 2773 Frontini
540 2695 586 2768 de
599 2717 637 2766 re
650 2694 801 2788 militari,
820 2719 904 2792 quos
917 2696 1023 2772 edidit
1032 2715 1112 2772 ante
1120 2699 1221 2773 libros
1233 2696 1313 2771 stra·

368 2809 606 2893 tegematum:
638 2813 677 2867 ut
699 2792 881 2870 ostendunt
907 2797 1010 2870 verba
1033 2797 1087 2870 illa
1107 2795 1142 2870 in
1172 2798 1313 2891 prologo

369 2895 448 2990 ejus
462 2891 587 2989 operis.
617 2893 691 2964 Cum
701 2893 746 2964 atl
758 2891 977 2990 adstruendam
987 2897 1035 2966 rei
1047 2891 1313 2989 militatissciett·

369 2993 453 3065 tiam
466 3013 549 3060 unus
566 3013 607 3062 ex
618 2989 956 3090 numetostudt'osorum
966 2998 1037 3088 ejus
1051 2991 1251 3088 acrffrt'm
1268 2997 1313 3066 ti·

371 3111 431 3184 pue
442 3083 645 3180 destinationi
658 3089 828 3186 (plantum
842 3113 920 3162 cura
932 3089 1036 3186 noslra
1046 3087 1312 3188 valuitlsatisft·

368 3183 444 3280 ciffe
461 3181 548 3278 visus
562 3181 646 3278 stm:
664 3191 770 3261 tlcberi
783 3189 882 3261 adhuc
898 3185 1063 3284 institutae
1080 3193 1219 3263 arbitror
1240 3206 1311 3280 opt·

368 3305 450 3372 rae,
468 3295 505 3353 ut
509 3281 646 3379 solertia
658 3285 770 3358 ducum
770 3283 890 3376 falla,
902 3287 1147 3380 quoeaGroecir
1161 3311 1224 3362 uno
1242 3314 1312 3375 rtat—

369 3389 584 3476 ζηγηματικῦν
603 3384 812 3478 appellatione
828 3383 1044 3480 comprehensa
1055 3383 1158 3481 sunt,
1185 3383 1314 3479 expedi·

370 3483 420 3553 tit
448 3482 617 3578 amplellor
641 3486 885 3559 commentariis.
935 3481 1083 3558 Primum
1104 3483 1218 3556 'autem
1245 3501 1314 3554 tres

373 3575 1312 3676 strategematumlibrosscriberedecreverat,utifidem

371 3675 508 3751 faciunt
521 3679 625 3748 verba
639 3674 699 3768 ista
715 3677 750 3750 in
765 3678 883 3753 eadem
895 3675 1120 3752 Praefatione.
1158 3677 1231 3782 Quo
1243 3701 1313 3752 ma·

373 3778 430 3868 gis
442 3789 548 3847 autem
563 3771 699 3868 discreta
711 3777 756 3847 al
766 3799 869 3850 rerum
888 3780 1077 3850 varietatem
1094 3791 1169 3873 apte
1180 3780 1313 3850 colloca·

372 3886 506 3965 rentur,
531 3874 565 3946 itt
580 3887 645 3946 tres
659 3869 756 3950 libros
771 3899 809 3960 to
822 3875 1006 3960 diducimus.
1057 3875 1310 3974 Irtprr'moerum

1255 3993 1313 4064 tx:
