2926 4934
328 323 953 474 nn'unoronnm

150 523 315 622 Denique
327 519 504 614 Regiorum
519 516 849 615 codicum‚quorum
865 519 906 595 ad
923 519 1032 620 prima
1047 521 1103 600 so·
1199 575 1204 587 ·

151 621 335 698 lummodo
352 618 461 714 capita
472 615 681 691 mentionem
698 615 784 708 feci,
811 619 917 695 variat
934 619 1099 696 lettiones

151 715 355 818 speciminis
371 715 450 789 loco
468 713 597 790 Hafnia
614 715 791 790 Danorum
806 715 848 789 ad
864 737 919 790 me
934 716 1023 791 mitti
1039 740 1098 792 cu·

151 834 296 892 raverut
310 811 553 888 Eruditissimuo
571 811 776 900 (tranuntur,
795 833 931 888 ceteros·
941 813 1018 888 dein
1040 813 1099 888 de·

151 912 352 1008 scripturus.
402 909 505 1015 Quod
524 927 704 1006 antequam
724 909 778 982 vir
793 909 1098 1007 optimuspraesta·
1252 921 1256 930 '

154 1035 196 1087 re
215 1009 361 1106 potuit,
393 1007 430 1083 in
458 1005 638 1082 miserabili
662 1007 838 1080 Hofniensr
862 1007 1024 1084 incendio
1043 1007 1098 1086 illi

154 1127 335 1205 excerpta,
363 1106 512 1182 flammis
524 1104 719 1194 consumta,
746 1105 931 1201 perierunt.
972 1107 1022 1181 Ea
1038 1131 1097 1182 au·
1255 1145 1260 1155 ·

155 1227 223 1280 tem
245 1227 290 1279 ex
315 1203 491 1281 Parifiensr
517 1200 723 1279 bibliotheca
746 1205 791 1276 A.
817 1204 855 1278 C.
877 1223 1008 1279 uacca.
1036 1205 1098 1276 de·
1250 1271 1253 1276 .

150 1303 341 1402 promserit
356 1301 595 1376 Nobiliffimus
607 1297 645 1374 dt
654 1299 874 1374 Dottltnmus
883 1300 1020 1397 juvenis
1033 1303 1097 1374 Ni·

150 1404 257 1478 colons
282 1402 464 1491 Bentzou,
503 1397 561 1496 qui
585 1418 708 1472 novam
729 1397 887 1472 Frontini
908 1397 1099 1474 editionem

144 1502 183 1577 se
210 1501 456 1574 adornatarum
478 1494 670 1594 pollicitus,
697 1493 865 1570 inmatura
887 1515 1022 1588 morte,
1048 1516 1097 1588 25

148 1621 256 1678 annos
278 1616 362 1671 natu
396 1596 510 1692 paullo
530 1591 669 1690 major,
701 1591 852 1667 Hafniae
876 1593 921 1668 A.
949 1617 1118 1684 attactui.¹

150 1694 341 1792 exstintlus
362 1693 423 1770 est.
466 1692 582 1788 Hujus
598 1710 710 1764 tamen
720 1690 874 1788 jacturae
889 1691 1003 1767 vicem
1019 1692 1097 1788 sup·
1139 1750 1144 1760 .

152 1793 247 1890 plere
276 1788 414 1888 poliunt
438 1787 679 1865 verustiffimae
693 1837 708 1878 ‚
744 1811 827 1886 quaa
857 1788 894 1864 in
918 1789 1096 1865 confilium

156 1889 322 1977 adhibui,
356 1886 554 1978 editiones,
587 1909 725 1988 quarum
743 1885 853 1982 prima
874 1886 1017 1980 inprella
1045 1885 1097 1959 est

159 1987 295 2060 Romae
317 1984 362 2059 A.
387 1986 427 2058 C.
446 2007 619 2060 ucnxctv.
646 2005 708 2080 per
727 1981 967 2057 Venerabilem
985 1981 1100 2056 virum

244 2081 253 2096 .
390 2099 398 2133 ⁴
515 2082 525 2098 .
619 2081 626 2095 .
779 2077 788 2094 .
878 2123 879 2128 Ν
989 2074 999 2094 .
1067 2085 1085 2122 0

86 2231 90 2238 ,
158 2077 1099 2288 lltlllllllllllli'ltlnlllblllltla

156 2276 270 2358 emilia
289 2277 465 2364 bononiae
485 2281 533 2352 A.
550 2299 723 2362 neoxcvr.
747 2297 783 2349 tn
800 2272 844 2352 f0.
871 2273 963 2374 typis
981 2269 1098 2352 Plato·

153 2377 206 2452 nis
220 2376 264 2449 de
282 2373 473 2450 Renedioiis
491 2373 719 2452 Bononienfis.
810 2397 853 2468 ua
870 2371 1099 2472 antiquiorem

151 2499 222 2548 non
249 2473 381 2548 viderat
410 2493 556 2570 magnus
586 2475 619 2572 J.
651 2473 695 2547 G.
730 2471 793 2548 Vo
833 2493 882 2546 ut.
936 2472 1102 2554 Eamdena

152 2570 341 2648 editionem
357 2569 497 2646 iteravit
511 2568 684 2645 Antonius
697 2568 742 2644 de
758 2568 952 2650 Benedietls
969 2569 1096 2646 ibidem

150 2671 199 2744 A.
219 2691 364 2748 clalalv.
399 2668 538 2745 Deinde
559 2667 637 2743 usus
657 2667 731 2742 sum
753 2665 922 2744 Parifiensr
945 2666 1099 2743 editione

151 2769 197 2844 A.
223 2786 378 2842 clataxv.
401 2766 440 2839 in
461 2774 525 2858 4⁰,
552 2787 638 2878 quae
657 2786 834 2863 perperam
859 2791 879 2841 a
899 2764 1102 2865 quibusdam

136 2865 239 2964 ⁸viris
256 2863 372 2938 doetls
388 2863 504 2938 habita
522 2863 595 2941 furt,
616 2862 768 2938 omnium
786 2862 904 2959 prima.
954 2862 1099 2937 Adma-

153 2985 237 3036 num
250 2961 354 3036 etiarn
375 2959 445 3035 suit
461 2959 645 3036 Godefridi
663 2960 832 3058 Hittorpii
853 2959 987 3046 Editio,
1013 2980 1103 3055 quae

55 3079 64 3098 ·
155 3057 556 3138 commembrorum.
581 3058 618 3132 in
641 3065 691 3140 8⁰.
718 3058 867 3156 prodiit,
893 3055 1099 3149 utilioWe·

151 3156 279 3249 chelii,
303 3155 404 3233 Paris.
432 3160 478 3233 A.
493 3177 658 3232 narrar.
681 3157 717 3229 in
743 3155 786 3232 il.
811 3149 983 3258 aliaeque.
1023 3155 1099 3232 (Ila-⁴

152 3253 275 3332 riffimi
295 3251 400 3350 Lipfii
418 3255 634 3352 conjetiuras
652 3254 710 3328 hic
729 3253 797 3329 illle
810 3253 935 3353 sparsas
954 3253 1102 3331 deotmo-

154 3377 200 3428 ex
229 3351 335 3450 ipsius
357 3353 567 3450 exemplari,
592 3374 654 3448 per
677 3354 835 3428 Modiam
861 3351 976 3442 edito;
1005 3349 1099 3448 quod

144 3475 236 3524 eum
265 3447 390 3522 ceteris
410 3449 587 3546 Liplianae
599 3449 774 3525 doiirinae
792 3450 937 3546 reliquiis
949 3446 1101 3526 custodit

159 3545 335 3620 Leidensrs
357 3545 574 3625 bibliotheca.
624 3548 753 3624 Summi
771 3548 921 3624 Gromolt
942 3543 1103 3622 emenda

164 3643 277 3718 tiones
294 3633 445 3718 nondum
467 3645 573 3718 editas
589 3631 692 3720 debes
712 3647 923 3738 doetiffinm,
945 3639 1101 3722 amicitii-

163 3763 290 3834 moque
314 3740 390 3816 viro
408 3743 593 3816 Abrohomo
617 3745 800 3834 Gronooio,
822 3745 890 3818 'avi
912 3739 1107 3834 exemplar..

164 3838 223 3922 cui
240 3837 310 3914 illae
330 3859 426 3920 erant
445 3841 635 3952 adpositae,
660 3867 793 3990 mecum
812 3834 1102 3957 ultrolcotatnunif

728 3963 752 4030 4
1001 3955 1108 4013 canu.
