2926 4934
523 289 1163 414 ‚no.nncTonnm
1227 355 1334 434 Ἲς

386 492 608 570 nonfucatus
631 491 702 583 elit
727 485 873 592 fingulaa
893 511 1008 574 autem
1029 492 1198 572 didionea
1213 519 1319 593 purae

358 633 360 640 ·
385 593 463 667 sunt
478 590 517 668 u
529 593 696 690 elegantes
706 647 716 682 ,
726 591 782 666 sed
797 595 917 666 crebro
932 592 1162 690 perlibrarioa
1175 596 1323 692 turpiffi·

382 714 440 768 me
451 711 633 788 corruptae
652 689 691 766 dt
708 689 882 765 distortae.
932 689 1030 766 Huic
1043 693 1134 765 malo
1151 713 1215 768 nos
1234 717 1321 790 quo·

383 811 452 888 que
471 787 550 887 post
567 789 684 865 dodau
701 787 842 863 aliorum
859 811 957 862 curas
981 778 1137 864 ve'terum
1156 795 1321 866 membra·

263 927 277 940 -·
381 905 499 962 narum
525 909 593 984 ope
614 887 815 962 medicinam
840 883 1078 977 adhibuimus,
1111 886 1319 985 plurimaque

380 985 457 1060 loca
470 984 768 1082 pristinaesanitati
779 1007 821 1058 ac
831 981 955 1075 nitori,
971 982 1038 1060 nili
1047 983 1319 1081 egregiedallor,

380 1081 596 1160 restituimus.
632 1084 750 1159 Multa
766 1079 983 1157 nihilomiuus
1000 1082 1164 1178 sagaciori
1176 1084 1331 1180 ingenio,

381 1203 404 1254 e
418 1179 614 1293 melioribus
631 1181 807 1257 codicibus
823 1177 952 1254 restant
967 1181 1192 1278 persanandat
1217 1184 1321 1258 Non·

379 1281 476 1356 nullrs
494 1279 595 1356 etiarn
612 1277 803 1356 dilaceratis
818 1277 1219 1377 truncatisqueexentplis
1229 1278 1321 1378 julla

377 1379 527 1452 membra
555 1375 774 1468 reddenda·‚·
790 1373 829 1452 dt
859 1374 896 1449 in
920 1375 1111 1473 legitimum
1137 1377 1321 1476 digerenda

378 1474 536 1550 ordinem
557 1474 746 1570 supersunt.
797 1476 888 1550 Tam
913 1473 1097 1550 crudeliter
1119 1471 1159 1550 uz
1181 1476 1321 1550 barbare

243 1643 248 1654 .
376 1571 583 1651 Frontinum
596 1572 784 1648 tractarunt
799 1569 912 1670 inepti
925 1571 1124 1670 indubiique
1139 1573 1319 1664 monachi,

380 1693 528 1769 quorum
548 1669 621 1744 solit
637 1669 774 1756 'fabium
794 1667 846 1744 est
864 1669 985 1780 culpi,
1008 1687 1047 1744 ut
1058 1670 1202 1744 minoris
1221 1668 1318 1744 aesti-

377 1787 510 1859 metur,
524 1767 708 1880 'rariusque
724 1768 859 1866 legatur
875 1766 1064 1842 utrliffimus
1080 1766 1139 1843 hic
1149 1771 1316 1879 stratege·
1444 1813 1445 1882 3

347 1863 1331 2056 2tratltllultnlntutlttitul.

375 2059 561 2158 suspicatur
583 2059 717 2152 fuerit,
743 2085 807 2136 nos
832 2059 939 2135 modo
963 2060 1103 2158 majoris
1126 2061 1239 2160 operis
1262 2061 1319 2138 ha·

375 2165 459 2236 bere
482 2159 688 2253 epitomen,
715 2159 771 2232 cui
794 2157 935 2233 meliora
950 2157 1121 2252 detradia,
1147 2157 1318 2234 deteriora

375 2277 465 2332 veto
480 2281 500 2331 a
516 2254 586 2332 ludi
602 2253 765 2351 magistro
779 2255 925 2354 quodam
939 2255 1055 2331 adsuta
1071 2256 1209 2332 fuerint.
1236 2259 1319 2332 Cer·

377 2372 413 2432 te
427 2353 589 2430 nonnulla
606 2353 759 2446 exempla
774 2349 987 2428 alebioribus
1004 2357 1060 2430 vel
1077 2353 1192 2430 scribis
1208 2353 1314 2431 intrita

375 2452 507 2530 Pallade
519 2451 657 2528 adtenta
675 2449 765 2542 elle,
789 2450 1009 2548 pertinaciter
1027 2474 1098 2528 non
1119 2475 1245 2550 negare
1261 2479 1318 2528 au·
1399 2541 1403 2549 ,

375 2550 461 2641 srm;
487 2547 660 2646 discerpta·
677 2547 858 2647 aliquando
879 2547 949 2626 elle
971 2547 1011 2625 uz
1034 2549 1231 2646 decurtata,
1257 2552 1318 2628 suo

374 2649 456 2724 loco
476 2639 630 2747 patebit3
654 2665 693 2724 at
715 2667 801 2730 vero
825 2645 1016 2745 grandioris
1034 2645 1110 2724 libri
1130 2648 1314 2746 Epitomen

373 2741 464 2835 ess'e,
489 2768 698 2845 nequaquam
723 2746 840 2820 credo.
892 2743 1059 2840 Brevitati
1081 2745 1224 2824 enimse
1248 2745 1315 2826 stu·
1445 2759 1446 2848 ἶ

372 2843 482 2922 duilie
501 2843 636 2924 nuuor
655 2842 864 2942 iuPrologo
890 2842 1044 2921 fatetur:
1080 2845 1225 2922 Adhaec
1244 2845 1314 2942 ipsa

371 2941 518 3019 materia
540 2943 658 3039 longas
690 2943 875 3018 verborum
899 2941 1117 3041 ambages&
1139 2937 1312 3042 copiosam

370 3041 562 3116 deltonem
576 3037 764 3135 repudiata
786 3039 1034 3130 sed'Barthium
1051 3041 1135 3116 talea
1150 3039 1312 3138 suspicio·

370 3159 435 3214 nea
458 3137 503 3211 de
524 3135 598 3214 aliia
616 3159 754 3235 quoque
774 3137 995 3234 scriptoribus
1016 3157 1145 3214 temere
1167 3137 1310 3236 lovilio,

367 3234 644 3408 apogillittoratoa
655 3235 734 3408 saids
745 3233 899 3408 doniadi
925 3237 996 3406 'Ei
1016 3235 1162 3416 baffi
1176 3235 1310 3406 [ludig-

367 3353 416 3408 rra
491 3355 578 3412 om
629 3352 791 3418 menna
843 3356 1005 3411 uctan.
1182 3356 1309 3428 qtue

363 3431 454 3507 illua
465 3356 716 3522 aetate‚pvita,
741 3434 843 3508 rebus
857 3428 984 3527 gellia,
1009 3429 1200 3530 ceterisque
1215 3429 1308 3508 tibris

392 3530 463 3604 lura
479 3527 564 3604 scire
585 3527 781 3619 defidatur,
815 3527 914 3606 adeat
938 3528 1025 3600 DD.
1041 3529 1143 3606 ·VV.
1170 3526 1305 3626 Voffii,

403 3627 550 3718 annulli,
571 3623 615 3703 dt
640 3628 672 3724 J.
696 3625 814 3702 Poleni
837 3623 1103 3714 differtariones,
1127 3624 1212 3702 huie
1234 3627 1308 3702 edi·

363 3723 459 3800 tioni
469 3719 649 3821 praefixas.
699 3723 751 3800 Hi
765 3719 835 3798 viri
847 3718 986 3794 ledloris
1002 3741 1090 3793 voto
1103 3722 1241 3798 abunde
1256 3726 1306 3802 sa·

361 3817 560 3918 uuacieit,
583 3814 970 3922 nobisqueoperolio'ris
984 3815 1210 3912 praefationis
1228 3845 1305 3934 gra·

1225 3941 1305 3994 tram
