2926 4934
272 403 274 410 ,
373 277 375 282 ’
515 347 552 421 s.
604 333 638 442 J.
691 322 1245 430 rnourrurvtrr‘
1352 411 1357 419 .

383 497 503 606 lines)
520 503 735 602 crurocaſjrt,
749 507 970 600 abdicaverit:
988 511 1173 606 pergitque
1189 514 1331 613 Pighius

378 609 450 698 ita3
472 605 611 800 asiofuin
630 609 687 681 ria
708 627 769 678 aar
787 607 838 677 dir
852 606 1148 705 Praerorrmsaiffe
1161 613 1325 695 dicendum

379 709 444 781 trit
452 756 467 797 ,
488 709 523 778 ni
536 729 548 779 r
554 703 674 801 forsan
686 717 762 778 aare
779 704 856 778 Kal.
869 695 1059 800 'Januaras
1071 713 1146 784 nori
1154 713 1324 790 Praetores

378 803 617 902 Magistrarum
633 816 708 876 runc
724 804 877 893 salbam,-
904 806 986 900 quod
998 825 1154 902 nusquam
1170 811 1322 889 harenas

378 901 475 998 legi.¹
503 903 590 990 Sed,
613 901 672 976 nbi
684 901 803 976 Taciti
814 904 919 976 verba
935 904 1132 998 considero,
1157 933 1229 984 non
1243 939 1321 1008 pos·

328 1057 330 1060 -
377 1002 449 1076 sum
466 1024 535 1075 non
556 999 674 1074 facere
694 1020 772 1074 cnm
792 998 854 1090 iis',
879 1000 937 1096 qui
953 1021 1096 1094 rentur,
1118 1005 1319 1088 Frontinum

378 1119 459 1174 ante
485 1097 672 1195 legitimum
697 1117 830 1196 ternpus
850 1093 1042 1194 deposuisse
1055 1101 1315 1200 Magistratum;

375 1197 468 1288 quod
490 1219 560 1290 non
585 1190 809 1300 contigisset,
844 1197 869 1271 st
894 1195 931 1271 in
960 1197 1168 1296 superiorem
1191 1227 1318 1285 annum

374 1289 542 1370 incidisset
563 1291 638 1391 ejus
652 1293 823 1370 Praetura.

426 1401 427 1404 Ὺ
582 1404 1093 1573 v⁸¹d⁸⁰n⁰d¹ch⁵irX>¹rliilr

470 1581 517 1652 T.
551 1581 715 1660 Fnavlo
748 1583 1022 1653 Vnsnnsruuo
1056 1587 1143 1654 Arc.
1176 1575 1218 1658 V.

527 1665 574 1733 T·
594 1665 621 1734 F
629 1679 755 1734 navro
776 1667 970 1738 Canauna
984 1669 1041 1737 ΙΙΙ.
1066 1671 1159 1740 Coss.

417 1782 484 1859 VI.
509 1781 596 1854 Hoo
609 1801 721 1868 anno,
747 1799 806 1853 ant
825 1779 917 1854 circa
933 1781 1028 1856 hunc
1046 1802 1193 1874 annum,
1219 1784 1311 1860 Con·

368 1884 474 1962 sulem
488 1877 669 1953 suffedium
685 1875 788 1953 fuiffe
805 1879 1029 1968 Frontinum,
1055 1881 1213 1978 conjitio.
1240 1885 1312 1956 Raa

369 1983 501 2058 tionem
522 1975 742 2074 conjeblurae
762 1997 801 2050 ut
820 1978 1011 2075 explicem,
1038 2002 1103 2075 pro
1130 2003 1227 2054 certo
1248 2001 1312 2076 po·

367 2103 470 2167 nam,
494 2075 693 2148 Frontinum
711 2073 890 2150 Consulem
905 2065 1025 2164 sitisse,
1051 2099 1127 2151 cum
1142 2099 1218 2153 eum
1235 2101 1310 2151 cort·

359 2177 503 2275 solarem
525 2171 638 2244 Wrum
664 2171 853 2264 Aelianus,
884 2172 920 2249 in
943 2173 1159 2249 Praefatione
1184 2177 1311 2272 Operis

368 2279 405 2350 de
425 2268 615 2368 instruendis
638 2271 768 2342 aciebus
789 2269 968 2368 perspicue
991 2271 1157 2348 nominet.
1217 2277 1311 2350 Tum

367 2368 638 2450 verisimillimum
656 2366 725 2442 else
734 2369 814 2466 ajo,
837 2391 915 2444 eum
933 2370 969 2444 in
986 2368 1194 2446 Britanniam
1211 2371 1309 2448 ivisse

365 2463 781 2568 ImperioProconsularl,
804 2467 1037 2544 &Consulatu
1043 2467 1113 2566 jam
1130 2467 1307 2564 funblum,
1337 2524 1340 2530 ·

364 2593 440 2646 nam
457 2565 567 2639 ferme
583 2585 702 2638 omnes
710 2616 726 2655 ,
748 2563 807 2664 qui
824 2590 904 2640 curn
921 2563 1070 2662 lmperio
1083 2565 1119 2643 in
1139 2591 1212 2644 eam
1224 2571 1308 2644 Pro

362 2665 509 2748 vinciam
526 2663 772 2753 mittebantur,
795 2664 991 2738 Consulares
1012 2683 1130 2756 erant,
1152 2686 1306 2763 praeter·

361 2785 468 2864 eaque
481 2763 668 2836 Frontinus
685 2783 728 2834 eo
744 2780 901 2859 tempore
923 2765 988 2860 (ut
1009 2765 1122 2875 paullo
1143 2765 1234 2840 infra
1255 2765 1306 2840 di.
1435 2809 1440 2821 .

362 2863 502 2959 cemus)
525 2857 641 2934 missus
657 2856 744 2949 fuit,
764 2882 833 2955 quo
853 2879 1011 2955 tempore
1027 2885 1105 2936 viro
1122 2863 1227 2953 forti,
1252 2881 1304 2936 at⁶

360 2986 427 3064 que
439 2958 598 3058 praedito
607 2955 779 3053 dignitate
793 2955 1064 3055 auuorirateque
1077 2985 1163 3056 opus
1177 2978 1249 3035 crat
1267 2961 1304 3039 in

359 3087 399 3136 ea
415 3057 569 3152 regione.
619 3055 756 3130 Deinde
769 3079 885 3152 pono,
907 3058 1068 3131 credibile
1081 3059 1169 3150 elle,
1197 3061 1304 3134 Fron·

357 3160 466 3234 tinum
481 3151 675 3249 profestum
695 3151 795 3229 fnisse
810 3155 845 3228 in
860 3153 1069 3230 Britanniam
1084 3181 1174 3232 auno
1191 3157 1240 3230 V.
1259 3160 1301 3230 Ca

360 3266 440 3339 828.
468 3251 485 3352 (
497 3268 535 3325 ut
560 3275 644 3328 mox
672 3252 870 3348 exponam)
890 3255 1104 3350 quamobrem
1127 3251 1301 3350 probabile

355 3357 420 3449 fit,
445 3375 522 3426 enm
534 3373 626 3426 anno
642 3369 723 3424 ante
739 3349 871 3446 geffiffe
883 3351 1119 3438 Consulatum
1140 3349 1300 3448 quemad·

352 3453 491 3531 modum
507 3447 642 3524 constat
655 3447 837 3544 contigisse
852 3446 945 3544 Julio
963 3449 1146 3545 Agricolae
1159 3445 1299 3522 Fronti-

353 3555 389 3630 ni
400 3547 579 3628 successori
590 3546 685 3644 „qui
705 3546 748 3619 ad
764 3545 968 3620 britanniam
984 3545 1168 3643 regendam
1180 3544 1300 3646 prose·

350 3655 425 3729 tius
441 3647 494 3722 est
504 3669 592 3722 anno
607 3641 823 3720 Consulatum
840 3641 944 3740 ipsus
962 3643 1127 3720 instcuto.
1179 3646 1296 3738 Adde,

347 3752 418 3827 hoc
437 3769 526 3826 anno
549 3745 598 3820 V.
622 3745 664 3816 C.
686 3750 768 3833 827.
802 3765 871 3817 non
898 3741 999 3816 alium
1022 3742 1168 3838 reperiri
1194 3743 1297 3821 suffe*

349 3851 441 3926 erum
469 3842 649 3921 Consulem
675 3857 815 3934 praeter
837 3839 1014 3917 Caesarem
1034 3843 1301 3950 Domitianum

1245 3959 1302 4013 cur
