2884 4954
324 288 391 344 ru
463 267 886 348 Fnonntuuu
938 278 1085 382 15&

20 507 22 512 .
139 441 196 520 ull,
215 439 394 520 defiderentes
418 445 535 518 nauigia
557 471 630 488 —·-
651 441 765 503 Senttus
784 443 886 520 censuit
908 447 1083 508 transverta-

20 561 22 578 2
141 521 215 596 don]
253 521 411 586 Sentisne,
434 523 479 596 qui
495 521 564 578 haec
576 520 661 578 verba
675 525 742 596 legis
755 539 876 594 attente,
896 525 1034 598 quidpiam
1044 522 1079 590 ad

143 600 247 659 sensutn
264 600 377 672 plenum
400 596 510 658 deeiie‘l
531 599 755 672 Reponendunr‚
774 603 849 676 quod
868 603 971 662 excidit
988 605 1080 670 male,

140 677 234 736 hiante
251 678 387 736 orationis
413 676 497 741 serie,
520 675 581 754 post
605 675 711 744 Gallos,
735 681 836 750 alitos,
855 683 900 741 vei
914 679 1009 759 fusos:
1031 699 1083 742 ne·

142 769 198 828 que
211 758 284 812 enirn
301 757 327 813 in
344 753 402 830 ipio
413 755 522 828 proelio
535 756 644 830 navigia
661 757 866 827 defidernbant‚
890 759 936 818 sed
956 777 1018 818 curn
1036 765 1083 819 vi·

142 833 178 890 ut
193 831 304 891 efferata
324 835 476 902 Romanis,
495 848 524 893 ut
537 831 601 906 fuga
619 835 667 894 fibi
685 838 869 898 consulerent,
908 841 984 898 Mox
1000 838 1080 916 Ejus,

136 909 199 973 dent
210 915 321 988 generis
331 910 482 970 horninibus
492 911 545 970 dte.
567 915 659 972 ntalint
671 918 774 990 gentis.
821 922 825 934 '

183 993 218 1049 C.
228 1007 253 1059 7·
273 989 296 1062 i.
308 1005 331 1058 3v
372 989 501 1048 Militum
516 991 618 1048 animos
631 992 680 1050 tac
699 989 859 1066 persuofiene
881 989 1080 1131 confirmauit]

145 1069 218 1127 Cod.
242 1065 364 1124 Vossian.
386 1069 433 1125 vel
445 1063 622 1140 confirmauit.
645 1068 719 1130 unde
734 1069 843 1129 vostros
864 1070 1016 1149 refingebat
1033 1087 1067 1128 ue

142 1159 175 1206 ut
193 1167 217 1204 c.
256 1147 347 1204 ltutuo
363 1145 449 1206 fuerit
472 1148 582 1205 utiliter
597 1167 620 1207 t.
649 1151 682 1209 L.
697 1153 721 1209 i.
748 1145 862 1223 praefat.
883 1166 911 1224 p.
928 1169 954 1222 5.
975 1151 1081 1221 onnia,

142 1244 207 1300 quae
231 1242 248 1280 a
269 1224 334 1280 duce
348 1223 474 1295 provide,
497 1226 604 1283 utiliter
626 1255 698 1270 ·-
717 1223 801 1300 fiunt.
823 1239 882 1296 op.
902 1226 926 1299 i.
939 1245 965 1300 p.
985 1229 1084 1286 utilior

143 1305 260 1376 exemplo
272 1306 468 1371 temperantiae.
489 1321 513 1362 c.
524 1309 551 1364 8.
572 1304 598 1376 i.
611 1319 635 1374 7.
659 1306 738 1362 urttts
752 1314 808 1364 erat
825 1307 931 1375 p'rapter
946 1307 1081 1366 callidita-

141 1394 203 1442 tem.
223 1383 303 1440 L.1t.
322 1396 347 1440 c.
360 1397 384 1452 7.
407 1382 471 1456 §.a
493 1384 609 1441 rnilitum
629 1383 729 1440 tainu
750 1403 803 1442 non
816 1392 919 1440 tanturn
941 1383 1082 1464 --·sed
1180 1413 1181 1418 ¹
1238 1419 1246 1442 t

141 1459 252 1540 quadam
264 1459 397 1537 etiamspe
413 1461 545 1518 utilitatis
567 1492 636 1504 --
658 1458 837 1533 confirmavit.

182 1552 214 1609 C.
225 1555 251 1612 8.
271 1545 295 1620 i.
309 1560 351 1603 11.
374 1545 419 1606 Etr
434 1552 493 1606 arie
503 1545 704 1624 refugientibus
718 1551 748 1606 in
760 1547 844 1626 castro
856 1545 987 1604 militibus
1001 1547 1085 1602 acient
1159 1569 1160 1574 ¹
1266 1617 1276 1630 „

135 1627 249 1708 soorttrn
262 1621 404 1702 clausula]
442 1626 575 1686 Oudeud.
595 1625 728 1686 adhaec:
751 1668 773 1696 „
789 1626 950 1701 suspectam
967 1623 1033 1684 mihi
1050 1623 1078 1678 a'·

143 1749 167 1781 ,‚
187 1701 394 1778 clemsuoramt
412 1705 551 1782 fugientes
570 1705 671 1762 milites
693 1704 831 1780 etiatnsur'
852 1717 938 1762 etant.
959 1720 993 1760 an
1005 1703 1101 1775 equi·

136 1827 162 1854 .,‚
184 1781 412 1857 tarnjlatt'oaem‘l
434 1801 464 1844 ut
488 1813 559 1828 --
581 1779 698 1850 Livius,
710 1781 828 1857 flatione
850 1787 966 1857 equiturn
990 1781 1028 1838 ibi
1040 1781 1084 1838 ab·

147 1901 172 1934 ‚,
191 1860 299 1936 pofitoJ'
343 1861 450 1920 isthaec
463 1859 576 1936 quidem
603 1860 745 1920 manifesta
761 1861 804 1920 vis
828 1861 886 1929 est,
906 1862 1031 1934 quaquis
1052 1860 1082 1936 in

150 1938 319 2014 corrigendis
334 1957 458 2000 veterutn
473 1939 550 1998 libris
568 1954 630 1995 cunt
645 1937 726 1998 laude
746 1941 855 2000 utatur?
875 1941 939 1998 Nos
955 1936 1083 1994 blandiat

145 2022 229 2094 longe
248 2018 398 2078 sanabimus
417 2018 524 2081 locum,
545 2032 602 2076 non
617 2019 653 2076 ita
667 2015 857 2090 desperatum,
879 2013 999 2090 legendo
1011 2014 1081 2071 alata

138 2098 166 2177 s.
189 2117 212 2156 o.
250 2097 331 2155 Alam
352 2100 475 2172 equitum
496 2096 551 2154 elie
571 2097 697 2170 proprie,
719 2095 877 2156 tralatitiunt
904 2091 957 2158 este
978 2092 1082 2150 militet
1138 2125 1142 2133 f

146 2191 243 2237 contra
259 2173 364 2250 saepius
376 2175 448 2250 apud
461 2175 640 2236 Frontinum,
664 2189 828 2248 ceterosque
845 2171 988 2248 scriptores
1004 2171 1075 2245 opti-

146 2273 207 2317 ntos
221 2257 326 2330 opponi
341 2257 491 2332 equitibus,
512 2251 701 2327 &iignificate
711 2251 831 2324 pedites,
853 2251 936 2310 docet
945 2247 1080 2306 Oudend.

145 2335 181 2394 ad
198 2332 277 2391 uu.
298 2351 325 2393 e.
335 2349 362 2404 3.
383 2335 407 2404 i·
420 2350 464 2402 14.
485 2330 510 2389 ἃ
525 2331 648 2405 quesibi
673 2329 779 2398 iaudat,
802 2347 887 2406 atque
900 2329 1025 2387 ‘l'ennui
1045 2324 1081 2383 ad

147 2416 181 2475 L.
193 2414 227 2472 ΙΙ.
246 2428 270 2469 c.
283 2427 309 2483 5.
329 2412 353 2486 i.
365 2427 410 2482 37.
450 2409 557 2480 Vides,
577 2408 673 2468 cunita
686 2409 723 2469 fic
735 2409 789 2468 eise
804 2411 885 2484 plana
898 2406 925 2468 u
938 2403 1083 2480 expedita.

147 2491 262 2550 Suorunt
276 2487 636 2564 autemhioexponendum
656 2487 782 2556 videtur,
802 2486 930 2555 sortiunt,
953 2486 1082 2559 quicum

145 2573 319 2646 Imperatore
334 2571 532 2637 remanebant,
551 2583 605 2626 nec
629 2567 796 2643 terganout
811 2565 928 2631 dabam,
951 2561 1082 2638 adeoque

149 2665 218 2711 vete
233 2649 333 2706 ntiiites
341 2643 391 2722 sui
402 2655 497 2712 erant,
515 2647 677 2714 cetertsJarn
693 2644 768 2718 quali
783 2643 982 2718 proditoribus.
1021 2641 1083 2699 Sta·

148 2734 197 2792 tint
211 2724 267 2802 ipse
281 2725 356 2780 ciues
367 2724 446 2779 unat
456 2735 549 2778 vocat.
588 2721 648 2778 Nist
661 2721 733 2778 forte
742 2722 926 2794 negligentiae
939 2717 1083 2782 i'rontini,

148 2823 179 2868 ut
194 2806 259 2864 alias
283 2799 395 2877 paisant,
417 2797 472 2855 hoc
487 2795 623 2871 quidquid
649 2797 688 2852 est
709 2796 839 2856 tetraonis
860 2793 1034 2858 inconcinni,
1055 2789 1084 2852 dt
1149 2861 1153 2868 ¹

146 2901 243 2967 parurn
261 2879 395 2941 accurati,
416 2873 690 2950 imputarevelimus.

189 2965 256 3033 Co.
280 2961 340 3036 ut.
364 2953 560 3028 Vidisproelio
580 2951 725 3019 Teutonis,
746 2949 874 3024 reliquiar
893 2965 997 3012 etrum,
1020 2945 1085 3021 quit

149 3059 203 3102 nott
228 3043 457 3101 circumvenerat,
477 3028 668 3108 circunsedent
695 3029 762 3109 dte]
800 3027 904 3086 Rursus
928 3031 1016 3086 tirum
1037 3023 1087 3080 do·

152 3120 294 3182 ettffinum
309 3116 468 3180 audranno
489 3155 508 3181 „
530 3113 562 3168 ln
575 3109 677 3169 mendo
689 3110 774 3168 cubat
786 3111 862 3182 prior
877 3123 933 3164 von
953 3107 1085 3181 (circurn-
1194 3172 1198 3180 ,

151 3243 173 3274 ‚,
195 3196 334 3265 venerat.)
372 3191 491 3254 Videtur
506 3189 678 3249 scribendum
691 3189 891 3251 intervenerat,
912 3198 942 3243 ut
964 3183 1086 3252 coniecit

150 3319 174 3350 ‚,
195 3277 221 3353 J.
240 3275 272 3332 F.
293 3273 472 3340 Gronovius,
492 3265 754 3344 tellumonem,
775 3267 958 3322 velamanen
973 3263 1087 3320 direne-

151 3399 174 3425 „
193 3353 268 3418 ratl’
307 3352 340 3408 ln
356 3349 437 3408 codd.
457 3349 558 3423 quibus
576 3349 611 3404 V.
633 3345 677 3405 ct.
698 3342 908 3402 abuudeiuerat
924 3339 1083 3405 tonitruus,

138 3431 223 3492 'nihil
238 3427 381 3506 praefidii‚
401 3426 507 3500 &otras
519 3424 662 3501 proposuit
677 3423 865 3494 conicituras,
887 3419 995 3490 longius
1015 3415 1084 3474 milti

156 3527 171 3567 a
187 3509 295 3582 uulgata
308 3507 427 3564 lettione
442 3505 573 3563 recedere
586 3501 724 3561 videntur.
759 3501 876 3574 Propius
888 3499 976 3556 forsan
991 3495 1025 3554 ad
1036 3511 1086 3550 ve·

139 3589 260 3660 ,ritatem
274 3581 418 3640 accederet
428 3601 453 3656 q.
473 3601 501 3644 u.
521 3585 588 3642 iram
602 3582 741 3637 mintrerot.
781 3579 849 3636 Nox
864 3580 991 3650 ingruens
1004 3576 1090 3647 impe-

154 3680 212 3724 tum
227 3662 362 3718 vitiorum
375 3661 519 3728 cohibuit,
540 3659 663 3733 repressit
678 3657 820 3722 ardorem,
844 3655 916 3712 adeo
932 3668 961 3711 ut
975 3651 1089 3722 reliquis

156 3739 280 3804 ltoliibus
293 3753 454 3822 parcerent,
476 3737 586 3818 postera
600 3737 711 3798 demum
727 3734 773 3790 die
789 3731 898 3809 prorius
910 3725 1091 3792 debellandis.

716 3813 810 3886 Not
1047 3802 1097 3878 u
