2926 4934
507 351 544 429 s.
580 303 1014 450 ‘Js'rnonr'rrur‘
1034 309 1177 431 utri

370 513 393 604 ἶ,
418 510 540 614 gyrico
549 528 682 588 certum
692 511 765 605 est,
779 535 960 610 eum,qu0
970 512 1013 587 de
1027 513 1216 610 quaeritur,
1234 519 1319 606 Cos·

369 665 392 702 „
416 611 524 712 legam
540 611 702 706 Trajani,
717 610 912 709 consulatum
926 613 1178 718 ultorumkante'u
1193 617 1306 712 gestis·

367 765 390 800 „
416 709 475 802 se,
500 728 630 784 tantum
652 711 742 788 iuter
765 733 884 786 omnes
903 709 1026 807 liquet,
1053 710 1307 800 neminemad·
1392 731 1395 737 ·

367 861 390 897 ,
418 809 488 886 huc
504 806 540 881 id
558 805 737 882 ostendere
762 806 908 903 potuisse
927 813 970 882 de
990 811 1185 898 Frontone3
1208 809 1309 907 posse

367 959 390 997 „
414 925 528 981 autem
549 917 666 980 omnes
692 906 735 981 de
753 905 941 994 Frontin0,
972 901 1011 988 do
1037 903 1153 980 verbis
1166 907 1302 1002 quidem

367 1059 389 1094 „
415 1001 598 1094 Austoris,
622 1026 793 1092 non-uno,
816 1003 971 1098 imonou
987 1004 1107 1076 decern
1123 999 1198 1076 fere
1223 1005 1303 1101 post

367 1155 390 1194 „
415 1100 553 1178 saeculis
581 1100 778 1191 scribentis,
807 1099 953 1174 sediliis
980 1099 1060 1195 ipsrs
1090 1099 1309 1198 temporibus

366 1253 388 1290 ,‚
416 1201 550 1296 Romae
592 1197 769 1285 uiuentis,
808 1195 1081 1292 scribentisque,
1124 1200 1302 1278 Martialis.

364 1353 387 1388 „
414 1299 510 1376 Nam
525 1294 581 1372 hic
602 1295 724 1372 diserte
738 1298 791 1368 bis
811 1292 996 1374 Frontinum
1008 1293 1182 1392 confidem,
1195 1321 1307 1396 neque

364 1450 387 1486 ,
414 1398 464 1474 ita
483 1393 613 1490 pridem
628 1392 747 1485 fuisse,
782 1393 956 1469 clarissime
977 1393 1103 1469 indicat
1124 1396 1159 1470 in
1185 1417 1228 1469 eo
1245 1398 1303 1471 Li·

364 1549 387 1584 „
412 1496 476 1572 bro
494 1489 577 1590 (X.)
597 1491 692 1590 cujus
709 1491 867 1566 nonnulla
876 1491 1127 1587 Epigrammata
1141 1503 1298 1583 ann098.

364 1645 386 1681 „
412 1590 539 1690 scripta
556 1589 645 1679 esse,
665 1589 819 1679 constat3
841 1609 879 1663 ut
899 1591 979 1663 irinc
994 1589 1151 1664 Norisrus
1167 1590 1204 1672 in
1222 1591 1300 1688 Epi·

365 1743 387 1778 „
414 1689 498 1766 stoia
519 1686 691 1762 Consulari
708 1687 787 1764 illud
803 1709 939 1786 quoque
959 1687 1100 1761 alterum
1119 1689 1192 1761 erui
1208 1687 1303 1786 posse

364 1841 387 1878 „
413 1784 617 1876 crediderit,
643 1786 845 1864 Frontinum
860 1785 1038 1860 Consulem
1057 1787 1104 1859 Is.
1131 1783 1304 1865 suissesub

363 1939 386 1974 „
412 1888 544 1961 Nerva.
595 1885 729 1961 Verum
754 1906 822 1982 ego
844 1883 960 1982 quod,
991 1885 1037 1957 ob
1069 1883 1146 1957 usias
1169 1883 1306 1976 causas,

363 2033 385 2072 „
411 1991 483 2060 sron
513 1979 584 2056 sine
597 1979 830 2058 controversia
845 1979 988 2074 inferri,
1006 1978 1205 2090 ostendique
1221 1991 1300 2080 posi

362 2135 384 2168 „
409 2083 482 2172 set,
509 2079 669 2166 remitt03
697 2078 780 2154 iilud
805 2097 941 2168 autem,
971 2077 1064 2178 quud
1085 2077 1201 2174 negari
1227 2101 1302 2152 non

309 2245 314 2254 .
361 2231 382 2266 „
410 2175 546 2275 potest,
562 2191 687 2274 urgeo:
702 2177 914 2250 Frontonem
930 2175 980 2251 bis
988 2173 1167 2251 Consulem
1179 2175 1300 2270 fuisse,

361 2327 382 2364 ‚,
409 2273 530 2350 nuliius
548 2273 677 2349 veteris
698 2272 860 2350 Austoris
881 2272 950 2347 fide
973 2273 1133 2372 probari;
1168 2273 1301 2348 Fronti-

361 2427 382 2460 „
410 2393 492 2448 num
514 2371 564 2448 bis
589 2371 768 2466 Consulem
795 2369 914 2462 fuisse,
949 2371 1093 2478 aequalis
1117 2371 1307 2470 scripturis

361 2523 384 2560 „
410 2468 604 2546 testimonio
621 2469 879 2563 praeclarissimo
905 2469 1138 2553 demonstrari.

377 2657 385 2668 Ι
414 2569 526 2644 XXX.
562 2623 582 2656 „
607 2567 682 2664 Jam
710 2591 795 2642 vero
820 2569 953 2644 tertiam
979 2568 1112 2644 Norisri
1135 2568 1302 2646 rationem

361 2725 382 2759 „
406 2668 646 2742 examinemus.
703 2668 854 2754 Fronto,
879 2663 1011 2764 inquit,
1037 2680 1108 2738 crat
1131 2669 1180 2741 uir
1205 2687 1299 2765 toga·

361 2825 382 2858 ,‚
409 2763 1198 2864 rur,mortuummare,qualisFrommmfuir.
1226 2763 1297 2842 Ni·

361 2921 383 2955 „
411 2865 532 2942 mirum
554 2861 612 2938 hic
637 2885 771 2962 quoque
791 2865 834 2936 od
854 2866 1101 2962 Panegyricum
1122 2863 1218 2942 Piiuii
1244 2886 1300 2937 re·

361 3019 382 3054 „
409 2963 536 3060 spexit,
563 2961 684 3057 quide
714 2979 861 3056 utroque
880 2963 914 3036 in
937 2964 1030 3042 hunc
1046 2986 1170 3037 annum
1189 2965 1300 3039 Colle·

361 3116 382 3150 ,‚
405 3085 448 3158 ga
466 3058 608 3156 Trajani
624 3056 897 3150 verbosantur,
918 3059 963 3134 fic
976 3060 1082 3155 ipsum
1098 3062 1302 3159 alloquiturt
1386 3111 1391 3116 ·

361 3213 383 3248 ,
411 3155 528 3231 Tertii
555 3155 751 3230 Consulatus
776 3156 879 3230 decus
906 3157 1055 3231 bellorum
1071 3157 1174 3256 soriis
1199 3162 1300 3252 olim,

360 3311 381 3346 ‚,
403 3254 611 3352 periculorum
625 3252 837 3350 consortibus,
848 3275 943 3348 parce
954 3273 1060 3330 tamon
1076 3259 1309 3346 tribuebatur,

361 3411 381 3443 „
408 3352 487 3449 quod
501 3349 763 3447 tustngusaribur
779 3355 878 3441 uiris,
903 3355 1246 3449 arderequidrmbrnr
1258 3369 1309 3426 ac'

360 3508 380 3542 ‚‚
396 3447 820 3549 sortiterpraeflitiflr',srd
830 3453 863 3522 itt
879 3467 955 3544 toga
972 3457 1115 3525 meritis:
1139 3448 1302 3548 utrmsqur

359 3609 381 3643 „
407 3574 504 3640 curo,
526 3547 684 3646 utriusque
699 3549 874 3642 vigilantia
890 3547 1053 3642 obstrisiur
1075 3571 1130 3637 rs,
1163 3549 1300 3646 Cursor:

359 3707 381 3739 „
407 3649 557 3746 itemque
570 3649 676 3723 infra:
698 3641 1047 3740 nempeenommsom,
1069 3669 1143 3740 quos
1156 3647 1300 3722 Senatus

361 3803 382 3836 „
409 3771 478 3821 cum
491 3746 631 3841 publicis
636 3744 818 3838 sumptibus
831 3747 1006 3816 minuendis
1027 3749 1178 3840 optumum
1195 3765 1298 3842 quem-¹

356 3899 378 3935 „
402 3870 458 3946 que
469 3841 677 3948 praeficeret,
704 3840 801 3936 elegir
820 3841 942 3936 quidem
960 3844 1090 3942 primos.
1119 3881 1125 3896 ·
1151 3848 1230 3944 Ego
1256 3865 1303 3913 ra·

1215 3956 1304 4020 ‘rnen
