2926 4934
236 353 275 436 'A
299 359 330 456 J.
355 351 592 432 amnuo
635 345 986 432 communen·

135 520 375 600 notationibus
408 512 580 608 adipsum
606 510 765 588 Frontini
794 489 1082 606 Commentariun

139 619 328 698 neceffatio
351 613 516 712 sequendo
535 609 622 688 fuit.
738 703 740 707 Ι

259 763 372 819 Anno
402 744 544 809 nonne
578 737 696 806 Vv'no.
731 735 829 806 Can.
853 733 964 811 LXX.

309 847 417 896 ruris
438 841 653 891 counione
671 819 928 891 DCCCXXIH.

201 915 252 982 T.
275 915 423 982 anvro
459 907 723 974 Vasrnsrnno
753 903 1010 988 Avovsno.11.

326 994 371 1060 T.
391 993 546 1062 Fanvro
569 990 767 1058 Catenae
790 989 901 1060 Coss.

195 1119 261 1192 IV.
285 1117 334 1188 Ut
350 1111 478 1209 patrio,
505 1109 554 1183 ita
567 1131 704 1206 quoque
723 1110 757 1182 in
775 1109 919 1185 obscuro
934 1111 1009 1188 sunt
1029 1138 1087 1190 ret

146 1213 176 1292 α’
191 1212 352 1290 Frontino
377 1207 494 1307 gestae
521 1229 626 1304 usque
653 1205 696 1278 ad
719 1209 923 1284 Praeturam.
984 1213 1089 1314 Quod

53 1337 55 1344 ’
146 1313 236 1390 enim
251 1311 398 1408 primum
413 1307 458 1380 de
470 1305 885 1397 Frontinomemorarur,
898 1307 934 1381 id
951 1307 1020 1400 est,
1044 1314 1088 1386 oh

145 1437 190 1486 eo
206 1415 346 1486 Urbano
358 1409 523 1480 Proetore
536 1405 700 1477 Senatum
716 1401 815 1476 fuiffe
831 1425 1008 1482 vocatum.
1034 1409 1088 1484 En

145 1512 253 1586 verba
269 1504 407 1592 Taciti,
432 1500 489 1600 qui
505 1499 685 1600 postquam
706 1499 742 1576 in
761 1499 977 1599 Historiarum
997 1504 1018 1578 l.
1036 1531 1088 1582 ιν.

146 1633 178 1686 c.
200 1617 266 1704 38.
284 1618 504 1689 narraverat,
532 1597 775 1696 Vespasianum
797 1603 944 1694 iterum,
967 1625 1008 1676 ec
1026 1603 1092 1677 Ti·

149 1725 225 1780 turn
246 1701 398 1779 absentes
418 1697 626 1773 consulatum
649 1695 785 1787 iniiffe,
810 1697 845 1774 in
861 1724 936 1796 cap.
955 1725 1012 1798 39.
1041 1703 1090 1774 ita

148 1804 295 1900 pergin
321 1799 397 1870 Kal.
429 1797 608 1889 Jaoaariit
627 1797 661 1867 in
678 1795 829 1886 Senatu,
865 1819 954 1892 quem
975 1799 1092 1891 Jaiias

135 1972 140 1988 .
156 1899 328 1974 Frontinus
340 1896 471 1968 Praetor
483 1896 630 1966 Urbanas
645 1909 831 1984 vocaverat,
848 1895 987 1988 rogatis
1001 1921 1093 1970 arter-

156 1997 350 2087 uiribusque,
391 2016 431 2064 aa
450 1991 594 2084 Regibus
611 1991 722 2065 laudes
742 2007 914 2088 gratesque
934 1993 1092 2070 decrerat.
1172 2046 1176 2060 ,
1274 2005 1276 2012 ⁴

156 2095 209 2170 Et
227 2091 332 2164 Tertio
343 2089 663 2183 JalioaoPraet'ara,
683 2104 842 2182 tamquam
855 2093 1094 2186 transgredian-
1166 2097 1168 2104 “

35 2234 38 2242 ,
153 2209 220 2267 tem
229 2195 263 2262 in
266 2205 378 2286 parter
387 2185 572 2286 Vespasiani
583 2191 735 2283 legionem
745 2185 940 2283 desnoffl,
957 2192 1091 2283 oblata,

149 2307 191 2366 ort
207 2293 243 2363 in
254 2289 391 2364 Plotium
406 2288 559 2384 Gripbum
575 2285 821 2384 transferretur.
849 2289 967 2362 Hormo
984 2290 1092 2384 digni·
1162 2357 1164 2364 ,

150 2405 205 2464 tas
217 2383 367 2484 equestris
380 2387 471 2460 doto.
498 2385 546 2458 Et
557 2408 631 2457 mox
637 2436 652 2476 ,
666 2387 813 2482 ejurante
821 2383 993 2479 Frontina,
1011 2391 1093 2462 Cae·

142 2487 206 2588 sar
222 2487 428 2559 Domitianus
439 2484 632 2558 Praeturam
648 2485 743 2579 capit.
779 2483 967 2580 Ejuraviffe
979 2505 1093 2562 autem

150 2583 356 2663 Frontinum
372 2581 549 2668 existimo,
577 2600 615 2654 ut
632 2582 832 2656 Domitiano
848 2606 982 2680 gratnm
1000 2582 1095 2662 foce*

150 2701 226 2774 ret,
251 2682 387 2778 quinon
404 2680 512 2756 modo
526 2680 694 2756 honorem
712 2684 892 2755 Praeturae
911 2684 1093 2778 Urbanae,

149 2781 209 2857 sed
235 2781 377 2854 honorem
402 2779 465 2859 (ut
488 2777 673 2851 Suetonius
696 2777 733 2852 in
760 2779 833 2877 ejus
853 2779 941 2852 Vita
959 2804 1036 2873 cap.
1059 2807 1095 2857 r.

150 2877 296 2976 scribit)
312 2879 488 2952 Praetura
509 2869 662 2950 Urbanae
683 2901 751 2950 arua
764 2874 921 2972 potestate
937 2875 1093 2973 consulari

141 2974 297 3078 suscepit.
348 2974 519 3050 Credibile
544 2972 648 3047 etiarn
675 2975 753 3066 est,
777 2973 936 3048 studuiffe
960 2976 1094 3050 Fronti-

152 3099 257 3166 num,
280 3091 321 3149 ut
337 3075 405 3148 hoc
420 3072 515 3149 fufio
532 3074 777 3170 Imperatorem
794 3072 903 3172 ipsum
918 3072 1096 3170 Vespafia-

145 3199 229 3250 num
245 3170 434 3248 Domitiani
456 3189 590 3268 patrem
612 3169 853 3248 demereretur.
902 3173 1013 3250 Hunc
1034 3197 1093 3246 ve·
1137 3233 1144 3238 .

147 3297 191 3347 ro
214 3269 417 3346 Frontinum
439 3267 590 3343 nostrum
614 3267 732 3361 fuiffe,
759 3268 817 3370 qui
830 3269 867 3342 de
884 3270 1095 3368 Aquariuiii·
1205 3273 1210 3282 ’

149 3373 211 3446 has
227 3366 382 3464 scripta,
408 3365 578 3441 neminem
598 3365 732 3459 inveni,
758 3368 815 3482 qui
837 3392 989 3466 negaret.

199 3472 250 3546 V.
277 3466 470 3564 Stephanus
485 3463 664 3540 Vinandus
679 3465 816 3564 Pighius
834 3466 899 3564 (ad
911 3493 1034 3544 annum
1046 3471 1096 3542 ul-

157 3569 274 3642 timum
289 3567 312 3640 i.
322 3587 429 3640 xvnr.
451 3563 630 3638 Annalium
638 3563 878 3664 Romanorum)
893 3567 1096 3663 suspicatur,

156 3665 331 3761 superiore
342 3662 982 3764 annoPraeturamgeffiffeFrontinum
990 3687 1098 3752 ,curn

156 3763 232 3837 Kar.
257 3761 435 3856 Januoriis
451 3758 548 3833 citati
563 3762 694 3836 anobis
706 3761 802 3850 anni,
813 3760 1014 3860 posteaquam
1030 3758 1097 3855 ipse

143 3861 309 3950 ,Senatum
323 3859 477 3958 (aberant
485 3862 647 3938 enimatri
658 3855 1099 4052 ConsaktVespafianirgtss3

820 4013 823 4018 .
1008 3981 1074 4033 aar
1156 3989 1159 4003 ·
