2926 4934
536 377 635 455 nn
704 327 1154 458 daemonnm.

373 537 518 618 studium
529 557 676 627 ,nomen
684 538 756 633 jam
764 559 944 638 magnum,
953 536 1044 632 quod
1058 535 1167 612 indies
1180 537 1310 611 crescat

373 634 807 728 neceffeest‚summojure
818 635 973 728 adeptus.
991 633 1050 706 Ille
1058 635 1149 718 enim
1157 657 1203 710 ex
1213 631 1310 706 Italia

373 733 457 814 mibi
471 732 591 807 adtulit
606 730 715 806 varias
724 732 868 812 duorum
882 729 918 808 in
932 729 1084 806 Mediana
1099 731 1309 806 bibliotheca

372 831 531 910 codicum
549 829 731 916 temones,
755 851 899 926 quorum
914 851 1020 918 unus,
1044 850 1144 926 quem
1161 825 1310 924 primum

372 917 491 1020 ituro,
525 926 594 1026 iiiia
617 925 824 1022 conspicitur
849 926 967 1022 pluteo
985 948 1052 1038 53..
1068 948 1102 1000 ιι.
1128 947 1197 1015 123
1223 926 1336 1008 alter,

373 1027 499 1146 pluteo·
508 1045 568 1116 45.
593 1045 627 1098 n.
653 1045 710 1115 15.
745 1025 902 1134 Uterque
923 1041 1095 1096 recentior
1110 1021 1181 1097 est.
1234 1023 1311 1095 Ro·

373 1145 449 1198 mae
475 1143 560 1196 vero
586 1137 752 1215 excerpta
779 1120 859 1194 miln
888 1119 964 1212 fieri
994 1119 1128 1196 curavit
1147 1117 1328 1198 Vaticani.

372 1219 474 1302 MSti
491 1241 524 1293 ιι.
543 1225 650 1310 5408,
673 1215 708 1290 in
724 1223 786 1308 4⁰,
810 1215 867 1315 qui
883 1217 963 1290 oiim
982 1215 1095 1290 fuerat
1114 1217 1228 1294 Fulvii
1246 1218 1317 1290 Ur·

373 1309 447 1394 fini.
472 1313 476 1336 ²
499 1315 594 1388 lde'm
617 1311 758 1404 effecit,
785 1331 825 1390 ut
845 1313 1029 1390 Clarissimo
1048 1312 1092 1389 'dr
1115 1315 1232 1390 variae
1252 1312 1320 1386 do·

376 1411 504 1500 urinae
517 1411 615 1487 laude
629 1408 748 1505 magni
765 1410 837 1486 viro
853 1411 934 1504 John
961 1409 1081 1508 Chresto
1123 1435 1176 1486 otu
1196 1406 1318 1503 Wolfio

373 1531 532 1612 acceptas
547 1505 682 1620 'referre
698 1507 839 1582 debeam
856 1509 998 1621 dudunt·
1018 1514 1070 1584 Co
1096 1499 1159 1585 ‘cia
1172 1533 1195 1584 e
1210 1506 1320 1618 Guel·
1448 1556 1452 1621 ;

376 1608 559 1702 ierbytana
572 1603 779 1680 bibliotheca
794 1625 982 1684 vanetates.
1021 1607 1133 1688 Unius
1147 1629 1193 1683 ex
1208 1605 1321 1680 tribus
1448 1674 1452 1691 ,

376 1704 611 1804 Hilitnsbetgii
644 1701 788 1794 MStis,
817 1703 937 1874 pribus
962 1727 1218 1817 nonnumquam
1242 1723 1322 1799 pro·
1448 1702 1452 1715 “

378 1791 522 1899 perante
539 1800 641 1876 nimia
667 1801 768 1876 oculo
787 1793 817 1874 'u
834 1823 871 1875 us
890 1801 941 1876 est
959 1803 1148 1876 Tennulrus
1203 1795 1323 1876 leelin-

380 1921 441 1984 nea
461 1919 594 1972 mecum
615 1897 739 1984 deber,
762 1897 891 1990 testor,
916 1854 1322 2006 Celeberrimidrerudi·

377 1996 491 2071 tiffimi
507 1997 589 2072 Arn.
616 1995 866 2084 Drakenbortitii
881 1996 1093 2094 humanitati
1141 1995 1224 2073 Post
1241 1993 1322 2077 Hriq

377 2092 609 2188 lensbergium
633 2093 693 2165 har
709 2095 919 2168 membranas
937 2093 1082 2190 poffedit
1097 2096 1148 2174 Cl.
1176 2089 1321 2181 Theod.

378 2187 469 2284 Jans.
504 2187 770 2264 Almeloveniua.
832 2193 968 2264 Praeter
997 2191 1156 2267 undecim
1187 2183 1324 2278 hor&

379 2281 613 2359 Scriverianos
626 2285 778 2384 MSStos
790 2285 927 2361 adhibui
938 2311 1077 2402 quoque
1092 2290 1245 2388 Palatini
1259 2307 1323 2361 co·

379 2376 494 2468 dicis,
525 2378 651 2455 vetusti
671 2379 712 2456 dr
733 2403 926 2457 ceterorum
951 2385 1090 2482 optimis
1109 2387 1208 2484 facile
1232 2381 1325 2482 paria

317 2511 320 2523 ,
377 2475 455 2567 iibri
485 2495 673 2574 excerpta,
705 2493 795 2576 ‘quae
823 2479 967 2558 noeriis.
1004 2486 1037 2580 J.
1073 2486 1255 2560 Gruterur'
1277 2481 1325 2554 A.

380 2594 563 2648 rrnxcvrrr.
603 2573 763 2649 editionis
794 2579 1052 2676 stewechianae
1088 2580 1234 2678 margini
1264 2575 1325 2651 ad·

379 2667 587 2768 scripserat,
617 2691 683 2746 nec
712 2695 781 2748 non
807 2676 888 2748 alius
913 2677 1044 2752 codicia
1074 2701 1139 2773 per
1163 2673 1324 2753 eumdem

382 2767 571 2844 Gruterum
586 2790 630 2844 ex
645 2768 734 2845 libro
743 2791 864 2866 qnarto
878 2772 994 2847 collati
1012 2777 1121 2860 varias¹
1133 2775 1322 2861 lediiones,

379 2877 470 2953 ame
493 2859 706 2940 Gruterinnas
728 2864 843 2958 didius.
883 2869 968 2944 Ustri
983 2871 1088 2948 etiam
1114 2872 1324 2971 quandoque

379 2951 449 3068 fuip
473 2957 627 3056 Vufflana
646 2966 805 3053 collatio,
829 2989 927 3062 quarn
954 2969 1070 3064 paffim
1094 2971 1204 3047 iaudat
1224 2970 1325 3042 Ten·

377 3055 513 3144 nultus,
537 3081 729 3164 quamque,
756 3063 873 3136 neseio
898 3065 940 3138 ad
965 3089 1097 3160 quem,
1126 3064 1325 3140 Gudianum

381 3138 517 3258 forsan,
543 3156 697 3231 codicem
722 3157 930 3250 institutam,
956 3159 1029 3256 ipse
1054 3161 1096 3236 Is.
1123 3161 1268 3238 votnm
1287 3157 1326 3232 ira

375 3246 516 3356 plumae
532 3250 695 3327 Seriverii
705 3255 867 3330 editionis
882 3257 1035 3353 margine
1051 3256 1256 3343 adnotavit3
1283 3251 1326 3342 dt

377 3340 458 3451 ande
471 3341 684 3452 'delbuiptam
707 3351 852 3447 possidet
865 3373 1012 3448 »quoque
1033 3353 1265 3450 Ampliffimus
1283 3347 1327 3426 dc

277 3513 279 3522 ,
374 3454 520 3530 eximius
540 3441 593 3514 vir
616 3445 707 3528 Corn,
742 3448 1048 3540 Bynkershnekiur,
1084 3448 1263 3544 supremae
1286 3448 1325 3526 in

237 3591 239 3594 .
374 3529 511 3626 Batavis
528 3539 652 3613 Curiae
669 3542 825 3626 Praeses,
849 3543 1144 3636 Juriaprudentiae
1161 3547 1268 3620 decus
1282 3543 1326 3622 dc

363 3649 610 3714 ornamentum
631 3691 642 3721 ‚
673 3637 731 3732 qui
749 3655 823 3707 eam
845 3637 1014 3708 benevole
1033 3641 1120 3714 mihi
1140 3640 1325 3738 inspicien-

370 3721 448 3810 dam
467 3727 567 3801 misit.
620 3733 850 3824 Utrorumque
863 3731 986 3805 horum
1002 3754 1248 3832 excerptorum
1263 3765 1324 3816 au·

362 3825 546 3942 'tograpna
563 3822 603 3926 in
616 3823 835 3926 Lugdunensr
856 3825 1080 3930 adservantur
1102 3834 1325 3939 bibliotheca.

482 3937 486 3946 .
681 3943 684 3950 ,
734 3959 740 3972 .
1249 3937 1327 4018 De·
