2926 4934
531 285 566 360 s.
592 279 964 383 tranuntur
1014 285 1165 366 vtxn·

369 469 453 544 pem
479 465 609 522 certam
634 468 705 521 non
723 445 818 538 else,
843 443 926 520 nihil
943 444 1080 544 quidem
1101 451 1323 546 repugnabo:

372 547 557 624 dummodo
573 567 617 618 ne
633 543 713 618 illud
728 561 894 639 negetur,
914 567 958 617 ex
971 567 1010 617 ea
1023 545 1322 642 probabililllmun't

371 647 467 736 fieri,
493 643 608 718 saltem
624 641 715 715 circa
736 641 828 715 illum
844 664 968 715 annum
987 637 1170 738 (nimirum
1190 647 1246 719 vel
1258 653 1323 720 'an-

372 759 536 916 popnte,
553 742 609 816 vel
623 763 712 816 anno
727 735 831 842 post)
847 739 1048 816 Frontinum
1062 740 1098 815 in
1110 741 1320 820 Britanniam

369 867 419 924 lvi
450 865 480 918 e.

386 981 390 988 ·
419 940 483 1014 tx.
517 942 659 1014 Marcus
683 953 794 1010 autem
826 934 968 1010 Zuerlus
997 935 1244 1026 Boxhornius‚
1278 937 1319 1016 dc

399 1037 526 1134 letique
557 1039 785 1132 Interpretum
810 1032 846 1106 in
875 1035 984 1107 citato
1017 1033 1166 1109 Cornelii
1197 1037 1316 1110 Taciti

369 1062 453 1219 ioco
474 1129 575 1208 anxie
597 1131 794 1228 inquirunt,
818 1153 886 1226 quo
907 1129 1097 1206 reserantur
1113 1135 1220 1207 verba
1241 1133 1317 1224 illa,

374 1247 527 1332 quantum
544 1232 683 1304 licebat:
709 1251 778 1324 ego
793 1251 881 1302 vero
894 1227 987 1302 facio
1002 1255 1079 1304 cum
1093 1230 1315 1322 Boxhornio‚

373 1331 431 1429 qui
444 1331 488 1404 ad
504 1326 745 1426 praecedentia
757 1327 882 1418 verba,
889 1324 1172 1425 sustinuitquoque
1185 1325 1314 1418 rnolent,

372 1449 415 1502 ea
430 1425 608 1500 reserenda
632 1423 821 1501 contendit.
872 1425 1042 1527 Quasdam
1062 1427 1152 1500 enim
1170 1428 1246 1500 alias
1263 1429 1316 1500 in·

373 1523 663 1622 terpretationes,
694 1521 848 1620 quamvis
869 1521 1189 1600 honorificentiores
1208 1522 1313 1620 gestis

371 1622 531 1696 Frontini
555 1618 683 1709 nostri,
708 1621 803 1719 quod
822 1642 878 1694 eas
893 1620 1006 1698 minus
1026 1623 1221 1722 probabiles
1240 1620 1317 1714 exit
1442 1658 1446 1669 ·

368 1717 494 1814 stimo,
516 1717 626 1796 missas
643 1718 746 1795 facio.

613 1858 728 1908 nuno
759 1839 868 1910 Cnn.
898 1816 1089 1912 LXXVIII.

659 1925 701 1992 V.
726 1923 766 1991 C.
788 1917 1052 1996 DCCCXXXI.

532 2007 574 2076 L.·
618 2005 844 2076 Cnrotrro
887 2011 1153 2080 Corumono⁸
1213 2049 1216 2057 ·

571 2089 617 2158 D.
649 2089 784 2158 Novro
812 2093 973 2163 Pnrsco.
1004 2095 1113 2164 Coss.

412 2201 461 2279 X.
486 2193 555 2276 His
577 2198 805 2290 Consulibus,
832 2225 908 2279 cum
931 2205 1090 2301 Agricola
1117 2203 1180 2300 (ut
1203 2199 1316 2302 paullo

369 2311 454 2396 'pnte
466 2295 634 2394 diximus)
650 2295 843 2374 Britanniae
855 2301 1008 2402 regimen
1022 2303 1223 2399 susceperit,
1238 2325 1312 2376 cre·

373 2397 479 2478 dibile
504 2393 583 2487 est,
607 2397 805 2472 Frontinum
827 2401 998 2474 reversum
1018 2398 1118 2474 fuisse
1143 2401 1314 2490 Romam,

378 2493 513 2574 rubam
528 2494 599 2588 jam
626 2494 790 2591 proximis
815 2496 1039 2594 superioribus
1059 2500 1156 2573 annis
1180 2499 1215 2576 in
1241 2500 1315 2574 Bri·

372 2593 493 2696 tannia
506 2591 651 2704 Silurum
669 2612 791 2692 gente,
813 2596 991 2706 'incolente
1004 2597 1202 2695 regionem,
1229 2618 1315 2696 quac

375 2691 1041 2898 setttttmlzltsnsb
1057 2694 1314 2892 nsunt
1438 2826 1442 2845 .

373 2889 432 2966 sua
460 2887 504 2962 ad
533 2884 673 2960 citatum
706 2888 817 2964 locum
846 2889 963 2964 Taciti
991 2891 1105 2992 nota)
1141 2887 1316 2986 Hereford-

366 2987 507 3086 sclalrt,
546 2983 817 3081 Radnorscbire,
853 2989 1118 3088 Brecnocsclire,
1151 2993 1317 3066 Momnut-

201 3137 203 3144 ι
364 3085 497 3199 schira,
525 3081 814 3180 Glamorgenfilire
827 3089 1025 3184 appellatur.

200 3193 203 3202 '
316 3213 318 3219 s
429 3183 491 3255 XI.
519 3181 688 3254 Credibile
703 3208 840 3282 quoque
855 3184 925 3276 est,
951 3187 1040 3261 circa
1055 3187 1143 3264 haec
1158 3205 1313 3280 tempora

316 3335 320 3342 -
376 3277 580 3355 Frontinum
608 3279 794 3356 admoville
815 3307 950 3358 manum
979 3283 1161 3359 scribendis
1180 3284 1313 3374 Libris,

379 3375 439 3468 qui
457 3377 748 3471 Strategemamm,
773 3379 843 3454 five
866 3385 903 3452 tle
918 3379 1094 3477 solertibus
1110 3379 1312 3476 Ducumfa·

354 3470 588 3558 'ltlsss'dislls
603 3475 837 3552 inscribuntur.
863 3479 1315 3556 NaminCommentariode
1439 3476 1446 3545 ἶ

378 3574 634 3669 Aquaerlullilrus
644 3571 739 3669 (Art.
751 3572 802 3664 2.)
815 3573 1066 3666 profitetur‚se
1077 3577 1158 3650 alios
1168 3563 1311 3672 Libros,
1441 3600 1448 3663 1

375 3691 511 3767 praeter
538 3670 642 3761 ipsum
670 3671 706 3740 tle
728 3669 985 3763 Aquaerlullibus
1001 3677 1313 3770 Commentarium,

366 3767 673 3912 pollexperimenta
688 3763 731 3850 Β
744 3766 831 3854 ufirm
846 3769 1082 3868 composuiffe.
1106 3774 1240 3858 Nonne
1254 3774 1316 3850 ita·
1350 3865 1355 3874 ,
1452 3813 1453 3868 ζ

1244 3895 1318 3992 nur
