2926 4934
530 303 568 388 s.
593 297 626 411 J‘.
651 291 958 389 a'rtortrrnr
1009 295 1160 385 utrn

374 471 444 556 eolo
465 495 539 570 cap.
557 496 593 566 9.
619 465 817 568 referente)
837 469 960 566 Julium
975 469 1194 568 Agricolam,
1220 465 1319 569 pta'e·

375 601 431 654 ter
456 591 623 661 ceteros,
666 569 757 642 inter
782 567 948 640 Patricios
973 570 1164 663 cooptavit
1216 572 1320 676 Quod

374 699 454 752 cum
477 665 651 746 notaverit
670 664 843 740 Antonius
860 663 1070 762 Augustinus
1089 666 1263 766 inopere
1283 671 1321 748 dr

378 773 534 847 Gentibus
550 763 751 860 Familiirqur
769 761 1005 852 Romanorum,
1031 764 1087 838 ubi
1100 765 1210 862 Julios
1224 769 1319 843 Con·

376 873 488 961 soles,
513 867 615 942 etiam
634 863 814 950 suffectos,
838 863 918 959 post
936 859 1121 959 Caligulam
1137 865 1180 938 ad
1196 865 1315 940 Maxi·

374 969 507 1044 minum
517 969 762 1061 Imperatorem
781 977 976 1047 enumerat3
1000 959 1106 1033 miror
1127 961 1226 1053 sane,
1250 963 1311 1060 Ju-

376 1069 468 1142 lium·
489 1062 692 1138 Frontinum
720 1057 870 1131 nostrum
902 1056 1002 1130 soille
1026 1058 1074 1132 ibi
1100 1061 1315 1154 praetermis·

376 1167 460 1243 sum.
512 1161 619 1272 Quod
643 1178 730 1232 uero
756 1155 896 1230 Fulvius
914 1155 1076 1249 Ursinus,
1103 1155 1315 1240 Ricbatdus·

350 1283 442 1358 -que
469 1255 662 1337 Stretnnius
684 1253 721 1326 in
744 1254 895 1350 ejusdem
926 1253 1116 1350 argumenti
1142 1256 1315 1351 Operibus

375 1360 458 1433 nibil
475 1361 518 1433 de
543 1353 633 1453 Julio
657 1353 823 1425 Frontino
846 1349 965 1424 nostro
990 1351 1166 1442 dixerint,
1193 1354 1316 1430 miran-

373 1457 456 1530 dum
482 1476 553 1530 non
579 1451 654 1540 ell,·
679 1472 756 1525 cum
781 1449 824 1524 ad
848 1451 883 1523 T
884 1449 989 1550 rajani
1014 1470 1166 1547 tempora
1186 1452 1315 1529 hinon

373 1553 621 1629 descenderint.

426 1655 472 1728 ll.
494 1653 604 1726 Porro
623 1671 666 1730 ex
687 1646 748 1742 iis,
775 1671 858 1748 quae
876 1649 987 1748 paullo
1010 1667 1091 1724 ante
1111 1647 1208 1742 dixi,
1232 1671 1315 1728 con·

374 1751 485 1850 jicio,
512 1745 638 1847 Julium
659 1747 862 1822 Frontinum
886 1771 957 1822 non
978 1748 1102 1838 fuisse,
1134 1773 1178 1826 ex
1200 1747 1313 1822 veteri

372 1847 521 1928 Patricia
545 1847 706 1936 Familia,
731 1844 832 1920 luisse
856 1865 968 1922 tamen
987 1847 1191 1938 Patricium3
1217 1844 1315 1919 nimi-

374 1975 451 2033 rum
473 1970 518 2021 ex
540 1944 600 2034 iis,
626 1945 683 2042 qui
706 1964 765 2018 aut
789 1941 872 2039 ipsa,
897 1963 956 2022 aut
978 1943 1128 2040 ipsorum
1155 1961 1313 2042 parentes

375 2049 469 2122 inter
486 2041 650 2119 Patricius
674 2043 716 2114 ab
743 2041 1006 2134 Imperatoribus
1025 2040 1160 2116 fuerant
1182 2039 1312 2116 adsciti.

373 2147 462 2220 Cum
483 2139 574 2212 enim
592 2138 715 2212 diserte
730 2139 764 2212 in
781 2140 1034 2212 Commentario
1050 2147 1087 2211 dt
1103 2140 1314 2234 Aquatdulli·

373 2247 435 2318 bur
453 2239 556 2337 (Art.
577 2233 632 2330 t.)
653 2233 814 2325 testetur,
837 2233 992 2330 Officium
1005 2238 1314 2332 Aquarumarlntini·

364 2339 509 2442 stratum,
521 2329 648 2430 semper
660 2353 717 2430 ptr
734 2333 900 2429 Principes
924 2337 1076 2416 Civitatis
1098 2335 1212 2424 Viros,
1239 2332 1315 2431 ipse

353 2445 356 2452 '
375 2434 514 2517 veroid
530 2431 694 2508 Officium
717 2429 1021 2524 administraverit,
1047 2453 1148 2536 atque
1165 2433 1244 2508 ideo
1257 2432 1313 2506 vel

373 2539 444 2612 hoc
460 2530 598 2608 nomine
615 2530 769 2632 liqueat,
794 2553 870 2604 eum
892 2530 983 2612 inter
1005 2531 1162 2614 Civitatis
1179 2529 1315 2606 Princi-

377 2658 440 2734 pes
459 2629 578 2716 suill'e3
604 2627 784 2706 obtinuisse
805 2647 940 2727 quoque
956 2631 1070 2710 locum
1095 2628 1187 2703 inter
1205 2627 1312 2703 Putri-

336 2743 339 2752 '
373 2734 465 2818 cios,
488 2725 646 2807 credibile
663 2725 797 2822 prorsus
812 2726 871 2802 est.
908 2727 1005 2802 Num
1016 2751 1102 2804 ueto
1117 2726 1195 2826 Jnlii
1206 2729 1314 2801 Fron·

375 2830 439 2905 tini
453 2828 549 2904 Urbs
563 2825 672 2899 Roma
685 2825 791 2920 patria
807 2823 933 2915 suerit,
957 2849 999 2900 an
1015 2828 1076 2902 alia
1090 2825 1232 2926 regione
1249 2825 1314 2922 (ut

375 2929 484 3029 Julius
511 2921 674 3020 Agricola
695 2922 973 3019 Forojuliensrum
999 2924 1159 3016 Colonia,
1186 2923 1314 2998 Tacito

376 3023 490 3120 teste)
508 3037 624 3106 ortus,
651 3041 722 3098 nou
738 3020 1038 3115 conjiciam:.nihil
1052 3022 1141 3102 enim
1157 3045 1313 3120 usquam,

375 3123 467 3232 unde
494 3116 706 3214 conjetturas
732 3119 922 3215 probabiles
946 3117 1052 3196 ordiri
1076 3119 1233 3218 possem,
1259 3119 1311 3190 in·

373 3239 464 3300 vent.

422 3311 487 3390 111.
513 3309 643 3402 Nunc,
670 3330 847 3412 antequam
868 3340 974 3396 annos
996 3339 1171 3416 propono,
1197 3333 1314 3386 mone-

371 3419 439 3502 bo,
464 3431 520 3484 me
538 3411 572 3482 in
585 3413 802 3485 numerandis
814 3416 856 3487 ab
875 3418 971 3490 Urbe
990 3414 1135 3492 Condita
1150 3411 1246 3487 annis
1264 3407 1314 3484 se-

372 3530 532 3590 cuturum
545 3507 580 3582 in
590 3507 664 3584 vita
682 3507 748 3586 hac
756 3509 930 3594 scribenda
943 3511 1215 3609 supputationem
1222 3511 1314 3586 Var-

372 3608 488 3701 tonis,
516 3628 553 3685 ut
569 3606 753 3683 notiorem.
805 3609 910 3712 Quod
926 3610 950 3690 st
964 3611 1004 3682 ab
1019 3607 1132 3699 annis,
1155 3612 1213 3708 qui
1229 3629 1313 3704 pro·

373 3726 571 3806 ponentur,
596 3703 681 3788 duos
704 3704 880 3795 detrahes,
906 3705 1044 3782 babebis
1066 3730 1171 3782 annos
1194 3710 1309 3788 secun-

372 3808 453 3892 lom
475 3802 727 3881 Frontinianam
744 3802 1047 3904 supputationem,
1078 3829 1164 3906 quae
1186 3807 1221 3882 in
1236 3805 1312 3878 An·

1221 3919 1318 3984 nola·
