2926 4934
500 362 541 444 o.
589 363 622 466 1.
670 355 984 440 rnonrrnr
1030 357 1173 438 vrrn

381 584 402 618 ,
425 527 612 606 Permirum
629 521 703 613 est,
728 521 764 596 in
784 523 850 598 hac
867 519 1101 596 controveriia
1124 519 1321 611 neminem,

383 679 406 718 ,,
431 626 525 726 quod
541 624 662 714 sciam,
685 619 802 696 versun
818 617 920 693 hoste
934 617 1131 708 attendiffe,
1155 618 1212 716 qui
1232 619 1321 694 iilam

381 779 403 816 ,,
428 722 590 798 videlicet
610 720 654 795 de
672 717 778 794 altero
797 715 955 792 Frontini
978 715 1162 792 Consulatu
1174 719 1320 792 mentio·

382 877 403 914 ,‚
429 843 529 912 nem,
568 817 608 896 ez
634 809 800 892 c'onrinuo
823 813 981 914 quidem,
1019 813 1227 912 sequentum
1259 813 1321 888 niii

384 973 405 1010 ,‚
429 917 524 1000 sorte
537 916 571 990 in
590 913 685 990 aliam
706 911 849 986 ornnino
862 929 990 1008 partem
1013 911 1233 1014 accipiendos
1246 932 1321 984 cre·

382 1069 405 1108 ‚,
435 1015 615 1105 diderunt,
641 1031 680 1088 ut
709 1013 817 1085 Poeta
845 1007 914 1086 hoc
940 1008 1091 1092 diceret:
1120 1008 1179 1086 sub
1204 1009 1318 1098 civili,

319 1203 322 1210 ,
385 1167 406 1204 ,,
433 1111 575 1204 mitique
600 1109 798 1204 Nerrprum
834 1105 979 1206 imperio
1000 1107 1069 1206 jem
1095 1129 1164 1183 non
1187 1105 1255 1185 effe
1281 1107 1323 1182 ti·

384 1266 408 1303 ,
433 1209 615 1296 mendam,
641 1219 679 1281 nt
700 1201 873 1300 superiore
899 1223 1054 1300 tempore
1072 1203 1132 1282 sub
1151 1203 1323 1281 Domitia·

370 1389 374 1396 ,
381 1361 406 1402 ,,
433 1333 500 1398 no,
525 1304 715 1382 sermonum
731 1325 772 1376 ac
786 1301 943 1398 jocorum
962 1300 1153 1379 libertatem
1172 1302 1229 1378 vet
1245 1301 1280 1374 in
1295 1299 1324 1376 i··

141 1483 143 1491 Α
385 1405 523 1506 „psam
543 1403 735 1490 Venetam,
761 1398 968 1478 Praiinamve
982 1397 1191 1477 rationem.
1243 1399 1328 1474 Huc

202 1520 210 1530 “
297 1544 303 1550 -
384 1560 406 1596 ,,
430 1522 543 1580 autern
563 1501 740 1588 pertinet,
764 1497 856 1592 quod
875 1498 914 1569 de
935 1495 1139 1574 faetorem
1161 1501 1326 1594 aurigare·

387 1656 409 1692 „
434 1625 521 1689 rum,
547 1594 590 1684 δ’
605 1592 727 1696 sireniis
748 1594 910 1690 Principis
929 1596 962 1669 in
987 1597 1202 1670 hunclocum
1218 1599 1326 1669 adno-

388 1753 409 1788 ,,
436 1696 524 1772 tavit
551 1695 750 1770 Famabiur:
775 1691 983 1792 periculosum
1001 1707 1073 1770 er'ot
1087 1693 1153 1792 sub
1180 1699 1326 1784 Nerone,

389 1851 409 1884 „
436 1794 585 1884 Vitellio,
609 1787 653 1877 ὃ
669 1789 854 1867 Domitiano
868 1794 911 1865 r‘r‘r
919 1790 1058 1884 farere.
1083 1795 1329 1892 oqnibnralr‘e·

388 1950 409 1984 „
435 1897 471 1969 ni
483 1893 658 1986 Principes.
710 1885 862 1982 Pressnee
876 1905 1004 1982 auter,
1030 1883 1074 1976 ἐξ
1097 1893 1238 1968 Venetae
1256 1915 1327 1962 ma·

390 2047 411 2082 ,
438 1995 523 2070 time
539 1985 717 2088 ferebant.
793 1985 993 2088 Eodemque
1026 1990 1162 2066 trahere
1186 1989 1338 2084 forrnffe

229 2139 232 2146 .
280 2164 285 2174 ,
333 2119 336 2128 ’
392 2145 413 2179 ,,
440 2091 513 2189 quie
530 2089 622 2162 malit
644 2085 881 2163 ultimaverba
910 2084 1149 2180 explicationis
1179 2087 1328 2180 narem

391 2241 412 2275 ,,
438 2187 544 2260 uellere
568 2186 648 2276 erit,
673 2187 725 2280 poi
748 2205 787 2256 no
832 2205 867 2256 or
887 2185 980 2280 jocos
997 2181 1137 2282 infidiose
1164 2187 1329 2279 excipior,

389 2337 412 2373 ,,
438 2279 481 2368 &⁹
494 2277 620 2376 deferet
645 2285 690 2354 ad
708 2281 771 2354 Coe
786 2302 896 2366 arem,
919 2303 1032 2375 nosque
1054 2279 1264 2378 retorserint,
1293 2297 1332 2355 ut

390 2435 412 2471 ,‚
437 2380 621 2458 Domitiani
643 2379 832 2478 temporibus
855 2381 1070 2476 contingebat.
1132 2379 1197 2454 Sed
1222 2401 1332 2478 quan·

390 2531 413 2568 ,,
439 2501 540 2576 quarn
560 2476 595 2551 in
620 2477 768 2574 priorem
790 2473 878 2552 illam
904 2477 1222 2575 interpretationem
1246 2501 1333 2574 pro-

393 2630 415 2665 „
442 2574 633 2674 peniiorem
646 2573 714 2650 effe
729 2597 784 2648 me
800 2570 931 2660 fateor3
949 2597 986 2648 tu
1002 2595 1114 2650 tamen
1124 2627 1136 2666 ‚
1146 2577 1213 2652 Vir
1230 2579 1334 2648 Prae-

305 2737 308 2744 *
392 2727 414 2762 ,‚
442 2671 653 2764 stontr'ffime,
679 2673 748 2746 hoc
774 2669 876 2744 etiam
893 2671 1073 2768 ¹dispicite,
1099 2669 1156 2758 (ie,
1183 2671 1261 2771 r'puid
1291 2675 1336 2750 stt

393 2824 414 2861 „
443 2770 687 2860 verisimilius,
711 2765 911 2844 constitues.
961 2773 1070 2863 Vale,
1094 2768 1133 2846 ἃ
1148 2791 1225 2863 me,
1240 2775 1338 2871 quoi

390 2920 413 2957 „
437 2867 539 2961 facis,
563 2869 708 2948 redama.

512 3065 643 3143 Patavii
659 3089 742 3144 xrrr.
767 3067 843 3145 Kal.
868 3066 1076 3172 Quintiiler.
1102 3089 1341 3148 croroccxxrr.

443 3261 595 3340 XXXV.
622 3260 706 3336 Hoc
725 3277 841 3337 autern
859 3260 980 3340 eodem
1007 3287 1095 3340 anno
1118 3267 1343 3340 Commenta·

393 3359 479 3438 riurn
496 3361 540 3434 de
567 3357 863 3456 Apuaedutir'irresa
888 3361 1056 3437 Frontino
1083 3361 1232 3450 editum,
1258 3362 1346 3456 opi·

394 3481 469 3536 nor.
520 3459 557 3532 In
574 3463 647 3555 ejo's
665 3458 906 3533 commentarii
921 3461 998 3536 Art.
1016 3467 1074 3540 88·
1102 3465 1159 3551 89·
1184 3479 1245 3549 92.
1272 3481 1346 3557 93.

394 3579 455 3652 94.
481 3557 575 3654 plura
604 3555 697 3628 utilia
715 3555 1102 3654 mammothreptis,
1129 3553 1167 3629 or
1189 3555 1346 3632 Privatis

395 3679 515 3753 aquam
536 3655 781 3748 recipientibus
799 3675 993 3727 enarrantur
1019 3652 1076 3750 (ut
1093 3652 1346 3730 animadverti·

393 3776 466 3828 mur
486 3754 521 3828 in
548 3749 653 3826 Notio
671 3777 699 3826 1.
727 3755 800 3827 Art.
815 3760 872 3846 87.
898 3749 936 3823 ἃ
952 3771 986 3841 5.
1014 3755 1090 3826 Art.
1102 3749 1180 3847 93.)
1207 3773 1295 3850 qnae
1311 3753 1346 3828 i-

382 3849 441 3948 psi
469 3851 619 3948 Trojano
648 3867 789 3948 arrepta
815 3847 1011 3943 referende,
1036 3849 1222 3928 Frontinus
1236 3872 1344 3929 corn·

1236 3969 1350 4028 mon·
