2926 4934
503 349 542 426 s.
592 349 625 447 J.
676 340 989 424 rnonrtur
1038 333 1186 426 vrrs

375 563 396 600 ‚‚
423 510 536 584 debet.
589 505 739 613 Quando
755 503 881 601 igitur,
905 507 996 604 quod
1016 505 1051 584 in
1068 509 1320 605 quaestionibus

375 663 396 698 ,‚
420 605 611 682 illiusmodi
628 603 696 680 else
709 605 930 702 praecipuum
946 605 1186 686 adminiculum
1204 611 1289 686 solet
1306 653 1319 704 4

375 761 396 795 ‚‚
422 719 500 779 eom
526 702 842 798 ·aratiotemporum
852 701 1112 801 nihiladjuuat,
1134 707 1318 788 satisenim

374 859 396 894 „
423 729 557 876 collat
584 821 673 897 pene
691 799 903 898 synchronos
921 799 985 875 hor
1000 802 1105 877 libror
1119 825 1210 882 ,ortu
1223 806 1317 898 esser

373 958 395 993 „
421 899 558 974 videtur
571 897 660 972 ratio
675 899 786 972 omnis
807 897 984 973 dubitandi
999 901 1147 996 petenda
1167 928 1187 977 a
1209 902 1318 982 sotma

374 1057 395 1090 ‚,
422 997 495 1094 ipsa
521 994 723 1086 locutionis,
756 1015 844 1092 quae
867 995 981 1069 utrobi
1005 1021 1049 1070 ue
1076 999 1128 1075 est
1152 997 1317 1080 adbibita.

375 1153 397 1188 „
429 1093 552 1168 Effecit
577 1094 689 1186 haec,
723 1111 761 1166 ut
779 1092 913 1191 quidam
941 1019 1213 1192 suspicarentur,
1247 1109 1317 1176 nori

374 1240 395 1285 5,
422 1191 569 1266 eundem
594 1191 662 1266 esse
692 1191 916 1281 Frontinum,
958 1193 999 1265 'ui
1024 1191 1126 1269 libros
1142 1199 1316 1295 Stratege·

372 1339 394 1383 „
423 1288 593 1380 maritos,
626 1287 665 1362 uc
691 1289 737 1360 de
765 1217 1043 1385 nquaedutlrbos
1067 1293 1316 1392 conscripserit.

304 1435 320 1469 .
372 1444 393 1481 ,‚
420 1385 609 1482 senegart
634 1401 703 1459 nort
727 1385 865 1482 potest,
889 1385 1067 1464 discrimen
1090 1392 1228 1488 aliquod
1247 1411 1315 1488 χι·

368 1515 394 1578 ·,,
423 1491 575 1582 prosp&
603 1483 836 1573 intercedere,
862 1485 1022 1582 redleque
1042 1485 1149 1561 uideri
1166 1484 1216 1566 Cl.
1241 1499 1316 1566 ltu·

373 1630 394 1675 ,,
421 1587 525 1659 benio
546 1581 717 1678 puriorem
734 1579 774 1655 ar
792 1581 1059 1679 emendatiorem
1074 1585 1109 1659 in
1128 1575 1236 1676 Libro
1264 1593 1315 1684 A·
1352 1585 1354 1592 ⁴

372 1725 393 1773 5,
421 1681 671 1780 quaedudluum
698 1677 883 1780 sermonem
901 1679 990 1771 esse,
1014 1703 1114 1777 quam
1133 1683 1169 1760 in
1187 1689 1313 1760 strate*

370 1828 392 1871 ‚,
418 1778 571 1878 gematis.
622 1780 751 1850 Verum
778 1796 912 1851 attente
932 1777 1054 1874 scripta
1071 1780 1158 1856 haec
1174 1783 1264 1860 inter
1281 1786 1316 1858 se'

370 1923 392 1972 9,
419 1873 706 1974 componentibus
722 1875 955 1950 dissimilitudo
971 1895 1066 1953 tanta
1076 1887 1146 1954 noti
1160 1905 1312 1980 apparet,

371 2033 392 2068 ‚‚
420 1995 457 2050 ut
473 1993 656 2073 propterea
671 1972 853 2050 Frontinus
867 1973 954 2048 duos
972 1973 1086 2049 fatere
1102 1976 1143 2052 srt
1156 1979 1312 2072 necesses

371 2121 391 2166 ·,‚
420 2100 497 2150 cum
516 2071 712 2170 praesertim
728 2069 827 2168 hujus
843 2071 878 2146 in
894 2072 1071 2168 Scriptore
1088 2099 1159 2152 uno
1177 2078 1312 2156 dillimi·

370 2227 390 2262 „
417 2168 668 2248 litudinisratio
683 2167 865 2266 probabilis
879 2169 995 2244 afferri
1018 2173 1131 2270 pollio
1182 2178 1311 2251 Strate-

370 2325 390 2359 „
418 2286 554 2367 gemata
568 2265 657 2342 enim
682 2288 727 2341 ex
753 2265 975 2362 scriptoribus
997 2269 1068 2345 aliis
1086 2273 1224 2372 aliisque
1240 2297 1312 2352 tum

370 2423 391 2458 „
419 2363 574 2456 Latinis,
599 2383 671 2438 tum
689 2363 828 2440 Graecis
854 2366 1080 2466 conquisrvit3
1107 2391 1217 2471 neque
1231 2389 1313 2471 pr'o·

290 2474 307 2494 ‘
366 2520 388 2555 ,
414 2465 494 2540 inde
508 2461 631 2537 mirum
645 2458 695 2536 est
708 2463 818 2536 minus
833 2463 1006 2561 eleganter
1018 2469 1121 2545 multa
1138 2472 1313 2562 enarralsq

367 2619 388 2654 ,,
414 2584 499 2662 quae
526 2583 546 2634 a
574 2559 684 2634 minus
709 2557 920 2658 elegantibus
944 2564 1111 2641 transtulit
1144 2567 1179 2642 in
1205 2571 1311 2644 libros

367 2716 387 2752 „
414 2667 500 2736 suos.
552 2659 622 2733 Cur
637 2676 753 2732 autem
779 2660 813 2733 ln
830 2658 1059 2736 describendis
1078 2665 1310 2762 Aquaedudti·

290 2805 292 2813 ·
366 2815 388 2850 „
414 2762 476 2835 bus
492 2756 535 2832 srt
558 2757 668 2832 oratio
691 2755 907 2856 castigatior,
932 2781 1003 2834 non
1028 2781 1205 2862 perperam
1221 2765 1310 2842 allit-

366 2913 385 2948 „
415 2881 486 2933 mes
511 2855 637 2932 sactum
662 2855 763 2947 inde,
788 2855 880 2956 quod
907 2859 1085 2956 Aquarum
1118 2862 1264 2938 Curatot
1289 2889 1311 2938 a

365 3011 385 3048 ,,
411 2955 702 3052 NervaAuguslp
718 2975 870 3047 creatus,
895 2954 1022 3030 habere
1048 2961 1203 3058 potuerit
1219 2961 1309 3058 quali

361 3073 387 3142 ¹„
415 3054 684 3149 promptuarium
710 3051 904 3128 lectissimae
927 3053 1086 3151 phraseos
1100 3079 1144 3132 ex
1165 3061 1307 3152 tabulis,

363 3205 384 3240 ,,
413 3149 452 3224 ἃ
468 3152 697 3225 monumentis
721 3150 938 3248 magistratus
963 3154 1059 3251 ejus,
1083 3155 1231 3255 indeque
1248 3181 1307 3256 pe-

357 3267 381 3336 ’,,
410 3266 482 3321 tere
508 3247 611 3322 verba
639 3248 805 3346 propria,
829 3247 994 3346 genuinas
1015 3257 1310 3348 nomenclatores,

261 3371 272 3388 ·
361 3399 381 3435 „
408 3344 579 3444 syntaxels
605 3345 797 3457 legitimas,
823 3349 1043 3448 coloremque
1070 3349 1235 3428 sermonis
1265 3357 1307 3430 ad

359 3465 600 3540 „germanam
638 3443 841 3520 latinitatem
932 3447 1047 3522 oxime
1098 3453 1307 3530 accedentis.

229 3621 234 3631 ,
355 3561 379 3632 's
407 3541 616 3655 Quamquam
644 3563 688 3614 ne
714 3541 794 3616 illud
817 3541 875 3642 qui
900 3566 954 3624 em
976 3543 1109 3620 dederis
1138 3549 1310 3644 omuino,
1430 3584 1435 3621 ι

358 3695 379 3730 ,,
406 3661 600 3736 puriorem,
626 3637 664 3716 ἀ
682 3639 953 3717 emendatiorem
971 3642 1007 3718 in
1020 3645 1307 3744 Aquaedudloum

238 3741 240 3744 ’
357 3791 378 3828 ,,
405 3739 493 3813 libro
510 3737 697 3813 sermonem
720 3735 800 3813 else.
849 3739 944 3816 Nam
965 3761 1004 3815 ut
1027 3741 1062 3816 in
1080 3741 1135 3817 ltis
1151 3765 1223 3818 non
1238 3765 1304 3822 uua

357 3885 378 3926 „
405 3855 614 3932 occurrunt,
641 3835 813 3932 inquibus
828 3837 1074 3918 samoernitur
1090 3842 1306 3942 lapsalatini·

1183 3981 1204 4032 q,
1232 3958 1306 4035 tas,
